%% This BibTeX bibliography file was created using BibDesk.
%% http://bibdesk.sourceforge.net/

%% Created for Salvatore Aiola at 2016-07-13 18:45:01 -0400 


%% Saved with string encoding Unicode (UTF-8) 



@article{D0:1995,
	Author = {Abachi, S. and others},
	Collaboration = {D0 Collaboration},
	Date-Added = {2016-07-13 21:59:48 +0000},
	Date-Modified = {2016-07-13 22:25:53 +0000},
	Doi = {10.1103/PhysRevLett.74.2422},
	Issue = {13},
	Journal = {Phys. Rev. Lett.},
	Month = {Mar},
	Numpages = {0},
	Pages = {2422--2426},
	Publisher = {American Physical Society},
	Title = {Search for High Mass Top Quark Production in $\mathit{p}\overline{p}$ Collisions at $\sqrt{\mathit{s}}\phantom{\rule{0ex}{0ex}}=\phantom{\rule{0ex}{0ex}}$ 1.8 TeV},
	Url = {http://link.aps.org/doi/10.1103/PhysRevLett.74.2422},
	Volume = {74},
	Year = {1995},
	Bdsk-Url-1 = {http://link.aps.org/doi/10.1103/PhysRevLett.74.2422},
	Bdsk-Url-2 = {http://dx.doi.org/10.1103/PhysRevLett.74.2422}}

@article{CDF:1995,
	Author = {Abe, F. and others},
	Collaboration = {CDF Collaboration},
	Date-Added = {2016-07-13 21:59:22 +0000},
	Date-Modified = {2016-07-13 22:25:39 +0000},
	Doi = {10.1103/PhysRevLett.74.2626},
	Issue = {14},
	Journal = {Phys. Rev. Lett.},
	Month = {Apr},
	Numpages = {0},
	Pages = {2626--2631},
	Publisher = {American Physical Society},
	Title = {Observation of Top Quark Production in $\overline{\mathit{p}}\mathit{p}$ Collisions with the Collider Detector at Fermilab},
	Url = {http://link.aps.org/doi/10.1103/PhysRevLett.74.2626},
	Volume = {74},
	Year = {1995},
	Bdsk-Url-1 = {http://link.aps.org/doi/10.1103/PhysRevLett.74.2626},
	Bdsk-Url-2 = {http://dx.doi.org/10.1103/PhysRevLett.74.2626}}

@article{Lederman:1977,
	Author = {Herb, S. W. and others},
	Date-Added = {2016-07-13 21:56:57 +0000},
	Date-Modified = {2016-07-13 22:25:21 +0000},
	Doi = {10.1103/PhysRevLett.39.252},
	Issue = {5},
	Journal = {Phys. Rev. Lett.},
	Month = {Aug},
	Numpages = {0},
	Pages = {252--255},
	Publisher = {American Physical Society},
	Title = {Observation of a Dimuon Resonance at 9.5 GeV in 400-GeV Proton-Nucleus Collisions},
	Url = {http://link.aps.org/doi/10.1103/PhysRevLett.39.252},
	Volume = {39},
	Year = {1977},
	Bdsk-Url-1 = {http://link.aps.org/doi/10.1103/PhysRevLett.39.252},
	Bdsk-Url-2 = {http://dx.doi.org/10.1103/PhysRevLett.39.252}}

@article{Richter:1974,
	Author = {Augustin, J. -E. and others},
	Date-Added = {2016-07-13 18:59:22 +0000},
	Date-Modified = {2016-07-13 22:43:35 +0000},
	Doi = {10.1103/PhysRevLett.33.1406},
	Issue = {23},
	Journal = {Phys. Rev. Lett.},
	Numpages = {0},
	Pages = {1406--1408},
	Publisher = {American Physical Society},
	Title = {Discovery of a Narrow Resonance in ${e}^{+}{e}^{-}$ Annihilation},
	Url = {http://link.aps.org/doi/10.1103/PhysRevLett.33.1406},
	Volume = {33},
	Year = {1974},
	Bdsk-Url-1 = {http://link.aps.org/doi/10.1103/PhysRevLett.33.1406},
	Bdsk-Url-2 = {http://dx.doi.org/10.1103/PhysRevLett.33.1406}}

@article{Ting:1974,
	Author = {Aubert, J. J. and others},
	Date-Added = {2016-07-13 18:58:13 +0000},
	Date-Modified = {2016-07-13 22:43:24 +0000},
	Doi = {10.1103/PhysRevLett.33.1404},
	Issue = {23},
	Journal = {Phys. Rev. Lett.},
	Numpages = {0},
	Pages = {1404--1406},
	Publisher = {American Physical Society},
	Title = {Experimental Observation of a Heavy Particle {$J$}},
	Url = {http://link.aps.org/doi/10.1103/PhysRevLett.33.1404},
	Volume = {33},
	Year = {1974},
	Bdsk-Url-1 = {http://link.aps.org/doi/10.1103/PhysRevLett.33.1404},
	Bdsk-Url-2 = {http://dx.doi.org/10.1103/PhysRevLett.33.1404}}

@proceedings{Connors:2014,
	Archiveprefix = {arXiv},
	Author = {Connors, Megan},
	Collaboration = {for the ALICE Collaboration},
	Date-Added = {2014-09-14 00:19:43 +0000},
	Date-Modified = {2014-09-14 00:19:43 +0000},
	Eprint = {1409.3468},
	Keywords = {LHC, ALICE, pPb, jets},
	Title = {{Inclusive jet spectra in p--Pb collisions at ALICE}},
	Year = {2014}}

@article{Poskanzer:1998,
	Author = {Poskanzer, A. M. and Voloshin, S. A.},
	Date-Added = {2014-07-23 02:45:08 +0000},
	Date-Modified = {2014-07-23 02:45:08 +0000},
	Doi = {10.1103/PhysRevC.58.1671},
	Issue = {3},
	Journal = {Phys. Rev. C},
	Keywords = {flow, v2},
	Month = {Sep},
	Numpages = {0},
	Pages = {1671--1678},
	Publisher = {American Physical Society},
	Title = {Methods for analyzing anisotropic flow in relativistic nuclear collisions},
	Url = {http://link.aps.org/doi/10.1103/PhysRevC.58.1671},
	Volume = {58},
	Year = {1998},
	Bdsk-Url-1 = {http://link.aps.org/doi/10.1103/PhysRevC.58.1671},
	Bdsk-Url-2 = {http://dx.doi.org/10.1103/PhysRevC.58.1671}}

@proceedings{Reed:2013,
	Abstract = {Measurements of the suppression of high- p T particles and the away-side jets from heavy-ion collisions at RHIC have shown that medium-induced energy loss affects partons produced in the early stage of a heavy-ion collision. At LHC energies the initial production cross-section is much higher, which allows jets to be reconstructed with a wide kinematic range. Measuring fully reconstructed jets by taking advantage of the ALICE Electromagnetic Calorimeter allows for a more differential investigation of the parton energy loss. Parton energy loss will allow us to access key observables of the hot, dense matter created in heavy ion collisions. The data presented was collected during the 2.76 TeV Pb-Pb runs, as well as baseline measurements from the 2.76 TeV pp run. The procedures used to reconstruct jets and extract them from a fluctuating background will be discussed. The procedure for quantifying the background with a limited acceptance will also be discussed. These results are compared to pp measurements and simulations.},
	Archiveprefix = {arXiv},
	Author = {Rosi Reed},
	Collaboration = {for the ALICE Collaboration},
	Date-Added = {2014-07-07 21:25:59 +0000},
	Date-Modified = {2014-07-07 22:13:15 +0000},
	Eprint = {1304.5945},
	Journal = {Journal of Physics: Conference Series},
	Keywords = {LHC, ALICE, QGP, jets, jet quenching},
	Pages = {012006},
	Title = {{Full Jet Reconstruction in 2.76 TeV pp and Pb-Pb collisions in the ALICE experiment}},
	Url = {http://stacks.iop.org/1742-6596/446/i=1/a=012006},
	Volume = {446},
	Year = {2013},
	Bdsk-Url-1 = {http://stacks.iop.org/1742-6596/446/i=1/a=012006}}

@proceedings{Aiola:2013,
	Abstract = {Reconstruction of jets in high-energy heavy-ion collisions is challenging due to the large and fluctuating background coming from the underlying event. We report results on full jet reconstruction, obtained from data collected in 2011 by the ALICE detector at LHC for Pb-Pb collisions at ##IMG## [http://ej.iop.org/images/1742-6596/446/1/012005/jpconf13_446_012005_eqn002.gif] = 2.76 TeV. The analysis makes use of the tracking system and the electromagnetic calorimeter. Signal jets, which come from hard scattered partons, are reconstructed using the anti- k T jet finder algorithm. The average background is subtracted on a jet-by-jet basis to reduce the contribution to the jet reconstructed energy coming from the underlying event. The jet spectrum is corrected to account for fluctuations in the background momentum density and detector effects through unfolding.},
	Archiveprefix = {arXiv},
	Author = {Salvatore Aiola},
	Collaboration = {for the ALICE Collaboration},
	Date-Added = {2014-07-07 21:22:09 +0000},
	Date-Modified = {2014-07-07 22:13:11 +0000},
	Eprint = {1304.6668},
	Journal = {Journal of Physics: Conference Series},
	Keywords = {LHC, ALICE, QGP, jets, jet quenching},
	Pages = {012005},
	Title = {{Measurement of jet $p_{\mathrm{T}}$ spectra in Pb--Pb collisions at $\sqrt{s_{\rm{NN}}}=2.76$ TeV with the ALICE detector at the LHC}},
	Url = {http://stacks.iop.org/1742-6596/446/i=1/a=012005},
	Volume = {446},
	Year = {2013},
	Bdsk-Url-1 = {http://stacks.iop.org/1742-6596/446/i=1/a=012005}}

@article{ALICE:2010e,
	Archiveprefix = {arXiv},
	Author = {Aamodt, K and others},
	Collaboration = {ALICE},
	Date-Added = {2014-07-07 20:18:17 +0000},
	Date-Modified = {2014-07-07 20:19:13 +0000},
	Doi = {10.1103/PhysRevLett.105.252301},
	Eprint = {1011.3916},
	Journal = {Phys.Rev.Lett.},
	Keywords = {LHC, ALICE, QGP},
	Pages = {252301},
	Primaryclass = {nucl-ex},
	Slaccitation = {%%CITATION = ARXIV:1011.3916;%%},
	Title = {{Charged-particle multiplicity density at mid-rapidity in central Pb--Pb collisions at $\sqrt{s_{\mathrm{NN}}}=2.76$ {TeV}}},
	Volume = {105},
	Year = {2010},
	Bdsk-Url-1 = {http://dx.doi.org/10.1103/PhysRevLett.105.252301}}

@article{CMS:2014d,
	Author = {Chatrchyan, S. and others},
	Date-Added = {2014-07-07 20:13:49 +0000},
	Date-Modified = {2014-07-07 20:15:13 +0000},
	Doi = {10.1007/JHEP02(2014)088},
	Eid = {88},
	Journal = {Journal of High Energy Physics},
	Keywords = {LHC, CMS, QGP, hadrons, correlations},
	Language = {English},
	Number = {2},
	Publisher = {Springer Berlin Heidelberg},
	Title = {{Studies of azimuthal dihadron correlations in ultra-central Pb--Pb collisions at $\sqrt{s_{\mathrm{NN}}} =2.76$ TeV}},
	Url = {http://dx.doi.org/10.1007/JHEP02%282014%29088},
	Volume = {2014},
	Year = {2014},
	Bdsk-Url-1 = {http://dx.doi.org/10.1007/JHEP02%282014%29088},
	Bdsk-Url-2 = {http://dx.doi.org/10.1007/JHEP02(2014)088}}

@article{CMS:2013e,
	Author = {Chatrchyan, S. and others},
	Collaboration = {CMS},
	Date-Added = {2014-07-07 20:10:32 +0000},
	Date-Modified = {2014-07-07 20:11:02 +0000},
	Doi = {10.1103/PhysRevLett.110.042301},
	Issue = {4},
	Journal = {Phys. Rev. Lett.},
	Keywords = {LHC, CMS, QGP, hadrons, flow},
	Month = {Jan},
	Numpages = {15},
	Pages = {042301},
	Publisher = {American Physical Society},
	Title = {Measurement of the Azimuthal Anisotropy of Neutral Pions in Pb-Pb Collisions at $\sqrt{{s}_{NN}}\mathbf{=}2.76\text{\,}\text{\,}\mathrm{TeV}$},
	Url = {http://link.aps.org/doi/10.1103/PhysRevLett.110.042301},
	Volume = {110},
	Year = {2013},
	Bdsk-Url-1 = {http://link.aps.org/doi/10.1103/PhysRevLett.110.042301},
	Bdsk-Url-2 = {http://dx.doi.org/10.1103/PhysRevLett.110.042301}}

@article{CMS:2013d,
	Author = {Chatrchyan, S. and others},
	Collaboration = {CMS},
	Date-Added = {2014-07-07 20:09:22 +0000},
	Date-Modified = {2014-07-07 20:11:07 +0000},
	Doi = {10.1103/PhysRevC.87.014902},
	Issue = {1},
	Journal = {Phys. Rev. C},
	Keywords = {LHC, CMS, QGP, hadrons, flow, v2},
	Month = {Jan},
	Numpages = {34},
	Pages = {014902},
	Publisher = {American Physical Society},
	Title = {Measurement of the elliptic anisotropy of charged particles produced in PbPb collisions at $\sqrt{{s}_{\mathrm{NN}}}=2.76$ TeV},
	Url = {http://link.aps.org/doi/10.1103/PhysRevC.87.014902},
	Volume = {87},
	Year = {2013},
	Bdsk-Url-1 = {http://link.aps.org/doi/10.1103/PhysRevC.87.014902},
	Bdsk-Url-2 = {http://dx.doi.org/10.1103/PhysRevC.87.014902}}

@article{ATLAS:2012c,
	Archiveprefix = {arXiv},
	Author = {Aad, Georges and others},
	Collaboration = {ATLAS Collaboration},
	Date-Added = {2014-07-07 20:02:20 +0000},
	Date-Modified = {2014-07-07 20:03:10 +0000},
	Doi = {10.1103/PhysRevC.86.014907},
	Eprint = {1203.3087},
	Journal = {Phys.Rev.},
	Keywords = {LHC, ATLAS, QGP, hadrons, flow},
	Pages = {014907},
	Primaryclass = {hep-ex},
	Reportnumber = {CERN-PH-EP-2012-035},
	Slaccitation = {%%CITATION = ARXIV:1203.3087;%%},
	Title = {{Measurement of the azimuthal anisotropy for charged particle production in $\sqrt{s_{\mathrm{NN}}}=2.76$ TeV lead-lead collisions with the ATLAS detector}},
	Volume = {C86},
	Year = {2012},
	Bdsk-Url-1 = {http://dx.doi.org/10.1103/PhysRevC.86.014907}}

@article{ATLAS:2013c,
	Archiveprefix = {arXiv},
	Author = {Aad, Georges and others},
	Collaboration = {ATLAS Collaboration},
	Date-Added = {2014-07-07 19:54:27 +0000},
	Date-Modified = {2014-07-07 20:23:20 +0000},
	Doi = {10.1007/JHEP11(2013)183},
	Eprint = {1305.2942},
	Journal = {JHEP},
	Keywords = {LHC, ATLAS, QGP, vn},
	Pages = {183},
	Primaryclass = {hep-ex},
	Reportnumber = {CERN-PH-EP-2013-04, CERN-PH-EP-2013-04},
	Slaccitation = {%%CITATION = ARXIV:1305.2942;%%},
	Title = {{Measurement of the distributions of event-by-event flow harmonics in lead-lead collisions at $\sqrt{s_{\mathrm{NN}}}=2.76$ TeV with the ATLAS detector at the LHC}},
	Volume = {1311},
	Year = {2013},
	Bdsk-Url-1 = {http://dx.doi.org/10.1007/JHEP11(2013)183}}

@article{ATLAS:2014c,
	Archiveprefix = {arXiv},
	Author = {Aad, Georges and others},
	Collaboration = {ATLAS},
	Date-Added = {2014-07-07 19:53:21 +0000},
	Date-Modified = {2014-07-07 19:54:19 +0000},
	Eprint = {1403.0489},
	Keywords = {LHC, ATLAS, QGP, hadrons, correlations},
	Primaryclass = {hep-ex},
	Reportnumber = {CERN-PH-EP-2014-021},
	Slaccitation = {%%CITATION = ARXIV:1403.0489;%%},
	Title = {{Measurement of event-plane correlations in $\sqrt{s_{NN}}$=2.76 TeV lead-lead collisions with the ATLAS detector}},
	Year = {2014},
	Bdsk-Url-1 = {http://inspirehep.net/record/1283339}}

@article{ATLAS:2014b,
	Archiveprefix = {arXiv},
	Author = {Aad, Georges and others},
	Collaboration = {ATLAS},
	Date-Added = {2014-07-07 19:49:33 +0000},
	Date-Modified = {2014-07-07 19:54:22 +0000},
	Eprint = {1405.3936},
	Keywords = {LHC, ATLAS, QGP, flow, v2},
	Primaryclass = {hep-ex},
	Reportnumber = {CERN-PH-EP-2014-065},
	Slaccitation = {%%CITATION = ARXIV:1405.3936;%%},
	Title = {{Measurement of the centrality and pseudorapidity dependence of the integrated elliptic flow in lead-lead collisions at $\sqrt{s_{\mathrm{NN}}}=2.76 TeV with the ATLAS detector}},
	Year = {2014},
	Bdsk-Url-1 = {http://inspirehep.net/record/1296260}}

@proceedings{Haake:2013,
	Archiveprefix = {arXiv},
	Author = {Haake, R{\"u}diger},
	Collaboration = {for the ALICE Collaboration},
	Date-Added = {2014-07-07 17:04:28 +0000},
	Date-Modified = {2014-07-07 19:28:32 +0000},
	Eprint = {1310.3612},
	Journal = {PoS},
	Keywords = {LHC, ALICE, pPb, jets},
	Pages = {176},
	Primaryclass = {nucl-ex},
	Slaccitation = {%%CITATION = ARXIV:1310.3612;%%},
	Title = {{Charged Jets in Minimum Bias p-Pb Collisions at $\sqrt{{s}_{\mathrm{NN}}} = 5.02$ TeV with ALICE}},
	Volume = {EPS-HEP2013},
	Year = {2014},
	Bdsk-Url-1 = {http://inspirehep.net/record/1258448}}

@article{Bhattacharya:2014,
	Archiveprefix = {arXiv},
	Author = {Bhattacharya, Tanmoy and Buchoff, Michael I. and Christ, Norman H. and Ding, H. -T. and Gupta, Rajan and others},
	Date-Added = {2014-07-07 16:50:41 +0000},
	Date-Modified = {2014-07-07 19:19:04 +0000},
	Eprint = {1402.5175},
	Keywords = {QCD, QGP, theory},
	Primaryclass = {hep-lat},
	Reportnumber = {BNL-103837-2014-JA, CU-TP-1205, INT-PUB-14-003, LLNL-JRNL-650194},
	Slaccitation = {%%CITATION = ARXIV:1402.5175;%%},
	Title = {{The {QCD} phase transition with physical-mass, chiral quarks}},
	Year = {2014}}

@article{CMS:2014a,
	Archiveprefix = {arXiv},
	Author = {Chatrchyan, Serguei and others},
	Collaboration = {CMS},
	Date-Added = {2014-07-07 16:50:37 +0000},
	Date-Modified = {2014-07-07 20:12:05 +0000},
	Doi = {10.1103/PhysRevC.89.044906},
	Eprint = {1310.8651},
	Journal = {Phys.Rev.},
	Keywords = {LHC, CMS, QGP, hadrons, flow, vn},
	Pages = {044906},
	Primaryclass = {nucl-ex},
	Reportnumber = {CMS-HIN-11-005, CERN-PH-EP-2013-196},
	Slaccitation = {%%CITATION = ARXIV:1310.8651;%%},
	Title = {{Measurement of higher-order harmonic azimuthal anisotropy in PbPb collisions at $\sqrt{s_{\mathrm{NN}}}=2.76$ TeV}},
	Volume = {C89},
	Year = {2014},
	Bdsk-Url-1 = {http://dx.doi.org/10.1103/PhysRevC.89.044906}}

@article{ATLAS:2014a,
	Archiveprefix = {arXiv},
	Author = {Aad, G. and others},
	Collaboration = {ATLAS},
	Date-Added = {2014-07-07 16:50:32 +0000},
	Date-Modified = {2014-07-07 19:17:37 +0000},
	Eprint = {1406.2979},
	Keywords = {LHC, ATLAS, QGP, jets, jet quenching},
	Primaryclass = {hep-ex},
	Reportnumber = {CERN-PH-EP-2014-101},
	Slaccitation = {%%CITATION = ARXIV:1406.2979;%%},
	Title = {{Measurement of inclusive jet charged-particle fragmentation functions in Pb+Pb collisions at $\sqrt{s_{\mathrm{NN}}}=2.76$ TeV with the ATLAS detector}},
	Year = {2014}}

@article{CMS:2014b,
	Archiveprefix = {arXiv},
	Author = {Chatrchyan, Serguei and others},
	Collaboration = {CMS},
	Date-Added = {2014-07-07 16:50:28 +0000},
	Date-Modified = {2014-07-07 19:27:29 +0000},
	Eprint = {1406.0932},
	Keywords = {LHC, CMS, QGP, jets, jet quenching},
	Primaryclass = {nucl-ex},
	Reportnumber = {CMS-HIN-12-013, CERN-PH-EP-2014-100},
	Slaccitation = {%%CITATION = ARXIV:1406.0932;%%},
	Title = {{Measurement of jet fragmentation in PbPb and pp collisions at $\sqrt{s_{\mathrm{NN}}}=2.76$ TeV}},
	Year = {2014}}

@article{Mehtar-Tani:2014,
	Archiveprefix = {arXiv},
	Author = {Mehtar-Tani, Yacine and Tywoniuk, Konrad},
	Date-Added = {2014-07-07 16:50:22 +0000},
	Date-Modified = {2014-07-07 19:29:16 +0000},
	Eprint = {1401.8293},
	Keywords = {theory, QGP, jets},
	Primaryclass = {hep-ph},
	Slaccitation = {%%CITATION = ARXIV:1401.8293;%%},
	Title = {{Jet (de)coherence in Pb-Pb collisions at the LHC}},
	Year = {2014}}

@article{ALICE:2013a,
	Archiveprefix = {arXiv},
	Author = {Abelev, Betty and others},
	Collaboration = {ALICE},
	Date-Added = {2014-07-07 16:50:18 +0000},
	Date-Modified = {2014-07-07 19:09:24 +0000},
	Doi = {10.1016/j.physletb.2013.01.051},
	Eprint = {1208.2711},
	Journal = {Phys.Lett.},
	Keywords = {LHC, ALICE, QGP, hadrons},
	Pages = {52-62},
	Primaryclass = {hep-ex},
	Slaccitation = {%%CITATION = ARXIV:1208.2711;%%},
	Title = {{Centrality Dependence of Charged Particle Production at Large Transverse Momentum in Pb--Pb Collisions at $\snn=2.76$ TeV}},
	Volume = {B720},
	Year = {2013},
	Bdsk-Url-1 = {http://dx.doi.org/10.1016/j.physletb.2013.01.051}}

@article{ALICE:2013b,
	Archiveprefix = {arXiv},
	Author = {Abelev, Betty and others},
	Collaboration = {ALICE},
	Date-Added = {2014-07-07 16:50:12 +0000},
	Date-Modified = {2014-07-07 19:09:47 +0000},
	Doi = {10.1103/PhysRevC.88.044909},
	Eprint = {1301.4361},
	Journal = {Phys.Rev.},
	Keywords = {LHC, ALICE},
	Number = {4},
	Pages = {044909},
	Primaryclass = {nucl-ex},
	Reportnumber = {CERN-PH-EP-2012-368},
	Slaccitation = {%%CITATION = ARXIV:1301.4361;%%},
	Title = {{Centrality determination of Pb-Pb collisions at $\sqrt{s_{\mathrm{NN}}}=2.76$ TeV with ALICE}},
	Volume = {C88},
	Year = {2013},
	Bdsk-Url-1 = {http://dx.doi.org/10.1103/PhysRevC.88.044909}}

@article{Renk:2013,
	Archiveprefix = {arXiv},
	Author = {Renk, Thorsten},
	Date-Added = {2014-07-07 16:49:23 +0000},
	Date-Modified = {2014-07-07 19:31:51 +0000},
	Doi = {10.1103/PhysRevC.88.014905},
	Eprint = {1302.3710},
	Journal = {Phys.Rev.},
	Keywords = {QGP, theory, jets, jet quenching},
	Number = {1},
	Pages = {014905},
	Primaryclass = {hep-ph},
	Slaccitation = {%%CITATION = ARXIV:1302.3710;%%},
	Title = {{Physics probed by the $P_T$ dependence of the nuclear suppression factor}},
	Volume = {C88},
	Year = {2013},
	Bdsk-Url-1 = {http://dx.doi.org/10.1103/PhysRevC.88.014905}}

@article{Zapp:2014,
	Archiveprefix = {arXiv},
	Author = {Zapp, Korinna C.},
	Date-Added = {2014-07-07 16:49:18 +0000},
	Date-Modified = {2014-07-13 23:20:25 +0000},
	Doi = {10.1016/j.physletb.2014.06.020},
	Eprint = {1312.5536},
	Journal = {Physics Letters B},
	Keywords = {QGP, jets, jet quenching, theory},
	Pages = {157 - 163},
	Primaryclass = {hep-ph},
	Reportnumber = {CERN-PH-TH-2013-314, MCNET-13-19},
	Slaccitation = {%%CITATION = ARXIV:1312.5536;%%},
	Title = {{Geometrical aspects of jet quenching in JEWEL}},
	Volume = {735},
	Year = {2014},
	Bdsk-Url-1 = {http://dx.doi.org/10.1016/j.physletb.2014.06.020}}

@article{DeBarros:2012,
	Archiveprefix = {arXiv},
	Author = {de Barros, G.O.V. and Fenton-Olsen, Bo and Jacobs, Peter and Ploskon, Mateusz},
	Date-Added = {2014-07-07 16:49:14 +0000},
	Date-Modified = {2014-07-07 19:28:02 +0000},
	Doi = {10.1016/j.nuclphysa.2012.12.019},
	Eprint = {1208.1518},
	Journal = {Nucl.Phys.},
	Keywords = {jets, jet finding},
	Pages = {314-318},
	Primaryclass = {hep-ex},
	Slaccitation = {%%CITATION = ARXIV:1208.1518;%%},
	Title = {{Data-driven analysis methods for the measurement of reconstructed jets in heavy ion collisions at RHIC and LHC}},
	Volume = {A910-911},
	Year = {2013},
	Bdsk-Url-1 = {http://dx.doi.org/10.1016/j.nuclphysa.2012.12.019}}

@techreport{ATLAS-CONF:2012c,
	Address = {Geneva},
	Collaboration = {ATLAS},
	Date-Added = {2014-07-07 16:49:11 +0000},
	Date-Modified = {2014-07-23 02:45:00 +0000},
	Institution = {CERN},
	Keywords = {LHC, ATLAS, QGP, jets, jet quenching, correlations, photons},
	Month = {Aug},
	Number = {\href{https://cdsweb.cern.ch/record/1473135}{ATLAS-CONF-2012-121}},
	Title = {{Measurement of the correlation of jets with high-$p_{\mathrm{T}}$ isolated prompt photons in lead-lead collisions at $\sqrt{s_{\mathrm{NN}}}=2.76$ TeV with the ATLAS detector at the LHC}},
	Year = {2012}}

@techreport{ATLAS-CONF:2012b,
	Address = {Geneva},
	Collaboration = {ATLAS},
	Date-Added = {2014-07-07 16:48:56 +0000},
	Date-Modified = {2014-07-07 19:12:23 +0000},
	Institution = {CERN},
	Keywords = {LHC, ATLAS, QGP, hadrons},
	Month = {Aug},
	Number = {\href{http://cds.cern.ch/record/1473095}{ATLAS-CONF-2012-120}},
	Title = {{Measurement of the charged particle spectra in Pb--Pb collisions at $\sqrt{s_{\mathrm{NN}}}=2.76$ TeV with the ATLAS detector at the LHC}},
	Year = {2012}}

@article{ATLAS:2012a,
	Archiveprefix = {arXiv},
	Author = {Aad, Georges and others},
	Collaboration = {ATLAS},
	Date-Added = {2014-07-07 16:48:22 +0000},
	Date-Modified = {2014-07-07 19:16:13 +0000},
	Doi = {10.1016/j.physletb.2011.12.056},
	Eprint = {1108.6018},
	Journal = {Phys.Lett.},
	Keywords = {LHC, ATLAS, QGP, flow, v2},
	Pages = {330-348},
	Primaryclass = {hep-ex},
	Reportnumber = {CERN-PH-EP-2011-124},
	Slaccitation = {%%CITATION = ARXIV:1108.6018;%%},
	Title = {{Measurement of the pseudorapidity and transverse momentum dependence of the elliptic flow of charged particles in lead-lead collisions at $\sqrt{s_{\mathrm{NN}}}=2.76$ TeV with the ATLAS detector}},
	Volume = {B707},
	Year = {2012},
	Bdsk-Url-1 = {http://dx.doi.org/10.1016/j.physletb.2011.12.056}}

@article{ALICE:2012b,
	Archiveprefix = {arXiv},
	Author = {Aamodt, K. and others},
	Collaboration = {ALICE},
	Date-Added = {2014-07-07 16:48:19 +0000},
	Date-Modified = {2014-07-07 20:28:39 +0000},
	Doi = {10.1103/PhysRevLett.108.092301},
	Eprint = {1110.0121},
	Journal = {Phys.Rev.Lett.},
	Keywords = {LHC, ALICE, QGP, jets, jet quenching, hadrons, correlations},
	Pages = {092301},
	Primaryclass = {nucl-ex},
	Reportnumber = {CERN-PH-EP-2011-161},
	Slaccitation = {%%CITATION = ARXIV:1110.0121;%%},
	Title = {{Particle-yield modification in jet-like azimuthal di-hadron correlations in Pb--Pb collisions at $\sqrt{s_{\mathrm{NN}}}=2.76$ TeV}},
	Volume = {108},
	Year = {2012},
	Bdsk-Url-1 = {http://dx.doi.org/10.1103/PhysRevLett.108.092301}}

@article{Cacciari:2012,
	Archiveprefix = {arXiv},
	Author = {Cacciari, Matteo and Salam, Gavin P. and Soyez, Gregory},
	Date-Added = {2014-07-07 16:48:02 +0000},
	Date-Modified = {2014-07-07 19:22:01 +0000},
	Doi = {10.1140/epjc/s10052-012-1896-2},
	Eprint = {1111.6097},
	Journal = {Eur.Phys.J.},
	Keywords = {jets, jet finding},
	Pages = {1896},
	Primaryclass = {hep-ph},
	Reportnumber = {CERN-PH-TH-2011-297},
	Slaccitation = {%%CITATION = ARXIV:1111.6097;%%},
	Title = {{FastJet User Manual}},
	Volume = {C72},
	Year = {2012},
	Bdsk-Url-1 = {http://dx.doi.org/10.1140/epjc/s10052-012-1896-2}}

@article{ALICE:2011a,
	Archiveprefix = {arXiv},
	Author = {Aamodt, K. and others},
	Collaboration = {ALICE},
	Date-Added = {2014-07-07 16:47:56 +0000},
	Date-Modified = {2014-07-07 19:07:41 +0000},
	Doi = {10.1103/PhysRevLett.107.032301},
	Eprint = {1105.3865},
	Journal = {Phys.Rev.Lett.},
	Keywords = {LHC, ALICE, QGP, flow, vn},
	Pages = {032301},
	Primaryclass = {nucl-ex},
	Reportnumber = {CERN-PH-EP-2011-073},
	Slaccitation = {%%CITATION = ARXIV:1105.3865;%%},
	Title = {{Higher harmonic anisotropic flow measurements of charged particles in Pb--Pb collisions at $\sqrt{s_{\mathrm{NN}}}=2.76$ {TeV}}},
	Volume = {107},
	Year = {2011},
	Bdsk-Url-1 = {http://dx.doi.org/10.1103/PhysRevLett.107.032301}}

@article{ALICE:2011b,
	Archiveprefix = {arXiv},
	Author = {Aamodt, K. and others},
	Collaboration = {ALICE},
	Date-Added = {2014-07-07 16:47:44 +0000},
	Date-Modified = {2014-07-07 19:07:25 +0000},
	Doi = {10.1016/j.physletb.2010.12.053},
	Eprint = {1012.4035},
	Journal = {Phys.Lett.},
	Keywords = {LHC, ALICE, QGP, hadrons, correlations},
	Pages = {328-337},
	Primaryclass = {nucl-ex},
	Reportnumber = {CERN-PH-EP-ALICE-2010-006},
	Slaccitation = {%%CITATION = ARXIV:1012.4035;%%},
	Title = {{Two-pion Bose-Einstein correlations in central Pb--Pb collisions at $\sqrt{s_{\mathrm{NN}}}=2.76$ TeV}},
	Volume = {B696},
	Year = {2011},
	Bdsk-Url-1 = {http://dx.doi.org/10.1016/j.physletb.2010.12.053}}

@article{CMS:2011a,
	Archiveprefix = {arXiv},
	Author = {Chatrchyan, Serguei and others},
	Collaboration = {CMS},
	Date-Added = {2014-07-07 16:47:40 +0000},
	Date-Modified = {2014-07-07 20:38:49 +0000},
	Doi = {10.1007/JHEP08(2011)141},
	Eprint = {1107.4800},
	Journal = {JHEP},
	Keywords = {LHC, CMS, QGP, hadrons},
	Pages = {141},
	Primaryclass = {nucl-ex},
	Reportnumber = {CERN-PH-EP-2011-092, CMS-HIN-10-001},
	Slaccitation = {%%CITATION = ARXIV:1107.4800;%%},
	Title = {{Dependence on pseudorapidity and centrality of charged hadron production in Pb--Pb collisions at a nucleon-nucleon centre-of-mass energy of 2.76 TeV}},
	Volume = {1108},
	Year = {2011},
	Bdsk-Url-1 = {http://dx.doi.org/10.1007/JHEP08(2011)141}}

@article{ALICE:2010c,
	Archiveprefix = {arXiv},
	Author = {Aamodt, Kenneth and others},
	Collaboration = {ALICE},
	Date-Added = {2014-07-07 16:47:32 +0000},
	Date-Modified = {2014-07-07 20:20:02 +0000},
	Doi = {10.1103/PhysRevLett.106.032301},
	Eprint = {1012.1657},
	Journal = {Phys.Rev.Lett.},
	Keywords = {LHC, ALICE, QGP},
	Pages = {032301},
	Primaryclass = {nucl-ex},
	Slaccitation = {%%CITATION = ARXIV:1012.1657;%%},
	Title = {{Centrality dependence of the charged-particle multiplicity density at mid-rapidity in Pb--Pb collisions at $\sqrt{s_{\rm{NN}}}=2.76$ TeV}},
	Volume = {106},
	Year = {2011},
	Bdsk-Url-1 = {http://dx.doi.org/10.1103/PhysRevLett.106.032301}}

@article{PHENIX:2008c,
	Archiveprefix = {arXiv},
	Author = {Adare, A. and others},
	Collaboration = {PHENIX},
	Date-Added = {2014-07-07 14:25:36 +0000},
	Date-Modified = {2014-07-07 20:40:54 +0000},
	Doi = {10.1103/PhysRevC.77.064907},
	Eprint = {0801.1665},
	Journal = {Phys. Rev.},
	Keywords = {RHIC, PHENIX, QGP, hadrons, jet quenching},
	Pages = {064907},
	Primaryclass = {nucl-ex},
	Slaccitation = {%%CITATION = 0801.1665;%%},
	Title = {{Quantitative constraints on the opacity of hot partonic matter from semi-inclusive single high transverse momentum pion suppression in Au+Au collisions at $\sqrt{s_{\mathrm{NN}}}=200$ GeV}},
	Volume = {C77},
	Year = {2008},
	Bdsk-Url-1 = {http://dx.doi.org/10.1103/PhysRevC.77.064907}}

@article{PHENIX:2006a,
	Archiveprefix = {arXiv},
	Author = {Adare, A. and others},
	Collaboration = {PHENIX},
	Date-Added = {2014-07-07 14:25:08 +0000},
	Date-Modified = {2014-07-07 20:32:50 +0000},
	Doi = {10.1103/PhysRevLett.98.232302},
	Eprint = {nucl-ex/0611019},
	Journal = {Phys.Rev.Lett.},
	Keywords = {RHIC, PHENIX, QGP, jets, jet quenching, hadrons, correlations},
	Pages = {232302},
	Primaryclass = {nucl-ex},
	Slaccitation = {%%CITATION = NUCL-EX/0611019;%%},
	Title = {{System Size and Energy Dependence of Jet-Induced Hadron Pair Correlation Shapes in Cu+Cu and Au+Au Collisions at $\sqrt{s_{\mathrm{NN}}}=200$ and 62.4 GeV}},
	Volume = {98},
	Year = {2007},
	Bdsk-Url-1 = {http://dx.doi.org/10.1103/PhysRevLett.98.232302}}

@article{Vitev:2005,
	Archiveprefix = {arXiv},
	Author = {Vitev, Ivan},
	Date-Added = {2014-07-07 14:23:50 +0000},
	Date-Modified = {2014-07-07 19:33:11 +0000},
	Doi = {10.1016/j.physletb.2005.09.082},
	Eprint = {hep-ph/0501255},
	Journal = {Phys.Lett.},
	Keywords = {theory, QGP, jet quenching, hadrons, correlations},
	Pages = {78-84},
	Primaryclass = {hep-ph},
	Slaccitation = {%%CITATION = HEP-PH/0501255;%%},
	Title = {{Large angle hadron correlations from medium-induced gluon radiation}},
	Volume = {B630},
	Year = {2005},
	Bdsk-Url-1 = {http://dx.doi.org/10.1016/j.physletb.2005.09.082}}

@article{PHOBOS:2005a,
	Author = {B.B. Back and others},
	Collaboration = {PHOBOS},
	Date-Added = {2014-07-07 14:23:12 +0000},
	Date-Modified = {2014-07-07 19:39:27 +0000},
	Doi = {http://dx.doi.org/10.1016/j.nuclphysa.2005.03.084},
	Issn = {0375-9474},
	Journal = {Nucl.\ Phys.},
	Keywords = {RHIC, PHOBOS, QGP},
	Number = {1-2},
	Pages = {28-101},
	Title = {The {PHOBOS} perspective on discoveries at {RHIC}},
	Volume = {A 757},
	Year = {2005},
	Bdsk-Url-1 = {http://dx.doi.org/10.1016/j.nuclphysa.2005.03.084}}

@article{BRAHMS:2005a,
	Author = {I. Arsene and others},
	Collaboration = {BRAHMS},
	Date-Added = {2014-07-07 14:22:35 +0000},
	Date-Modified = {2014-07-07 19:39:34 +0000},
	Doi = {http://dx.doi.org/10.1016/j.nuclphysa.2005.02.130},
	Issn = {0375-9474},
	Journal = {Nucl.\ Phys.},
	Keywords = {RHIC, BRAHMS, QGP},
	Number = {1-2},
	Pages = {1-27},
	Title = {{Quark--gluon plasma and color glass condensate at {RHIC}? {T}he perspective from the BRAHMS experiment}},
	Volume = {A 757},
	Year = {2005},
	Bdsk-Url-1 = {http://dx.doi.org/10.1016/j.nuclphysa.2005.02.130}}

@article{Salgado:2004,
	Archiveprefix = {arXiv},
	Author = {Salgado, Carlos A. and Wiedemann, Urs Achim},
	Date-Added = {2014-07-07 14:18:51 +0000},
	Date-Modified = {2014-07-07 18:23:21 +0000},
	Doi = {10.1103/PhysRevLett.93.042301},
	Eprint = {hep-ph/0310079},
	Journal = {Phys.Rev.Lett.},
	Keywords = {theory, QGP, jet quenching, jets},
	Pages = {042301},
	Primaryclass = {hep-ph},
	Reportnumber = {CERN-TH-2003-244},
	Slaccitation = {%%CITATION = HEP-PH/0310079;%%},
	Title = {{Medium modification of jet shapes and jet multiplicities}},
	Volume = {93},
	Year = {2004},
	Bdsk-Url-1 = {http://dx.doi.org/10.1103/PhysRevLett.93.042301}}

@article{Hocker:1995,
	Archiveprefix = {arXiv},
	Author = {Hocker, Andreas and Kartvelishvili, Vakhtang},
	Date-Added = {2014-07-07 14:06:10 +0000},
	Date-Modified = {2014-07-13 23:21:19 +0000},
	Doi = {10.1016/0168-9002(95)01478-0},
	Eprint = {hep-ph/9509307},
	Journal = {NIM},
	Keywords = {unfolding},
	Pages = {469-481},
	Primaryclass = {hep-ph},
	Reportnumber = {M-C-TH-95-15, LAL-95-55},
	Slaccitation = {%%CITATION = HEP-PH/9509307;%%},
	Title = {{SVD approach to data unfolding}},
	Volume = {A372},
	Year = {1996},
	Bdsk-Url-1 = {http://dx.doi.org/10.1016/0168-9002(95)01478-0}}

@article{Baier:1995,
	Archiveprefix = {arXiv},
	Author = {Baier, R. and Dokshitzer, Yuri L. and Peigne, S. and Schiff, D.},
	Date-Added = {2014-07-07 14:05:02 +0000},
	Date-Modified = {2014-07-07 18:19:15 +0000},
	Doi = {10.1016/0370-2693(94)01617-L},
	Eprint = {hep-ph/9411409},
	Journal = {Phys.Lett.},
	Keywords = {QGP, theory},
	Pages = {277-286},
	Primaryclass = {hep-ph},
	Reportnumber = {LU-TP-94-21, LPTHE-ORSAY-94-98, BI-TP-94-57},
	Slaccitation = {%%CITATION = HEP-PH/9411409;%%},
	Title = {{Induced gluon radiation in a QCD medium}},
	Volume = {B345},
	Year = {1995},
	Bdsk-Url-1 = {http://dx.doi.org/10.1016/0370-2693(94)01617-L}}

@article{Brun:1994,
	Author = {Brun, Rene and Carminati, Federico and Giani, Simone},
	Date-Added = {2014-07-07 14:04:32 +0000},
	Date-Modified = {2014-07-07 22:26:28 +0000},
	Journal = {CERN Program Library Long Write-up, W5013},
	Keywords = {simulations},
	Reportnumber = {CERN-W5013, CERN-W-5013},
	Slaccitation = {%%CITATION = CERN-W5013 ETC.;%%},
	Title = {{GEANT Detector Description and Simulation Tool}},
	Year = {1994}}

@article{Gyulassy:1990,
	Author = {Gyulassy, Miklos and Plumer, Michael},
	Date-Added = {2014-07-07 14:03:35 +0000},
	Date-Modified = {2014-07-07 20:28:58 +0000},
	Doi = {10.1016/0370-2693(90)91409-5},
	Journal = {Phys.Lett.},
	Keywords = {jets, jet quenching, theory, QGP},
	Pages = {432-438},
	Reportnumber = {LBL-28531},
	Slaccitation = {%%CITATION = PHLTA,B243,432;%%},
	Title = {{Jet Quenching in Dense Matter}},
	Volume = {B243},
	Year = {1990},
	Bdsk-Url-1 = {http://dx.doi.org/10.1016/0370-2693(90)91409-5}}

@article{Verkerk:1985,
	Author = {Verkerk, C.},
	Date-Added = {2014-07-07 14:02:38 +0000},
	Date-Modified = {2014-07-07 14:03:18 +0000},
	Editor = {Verkerk, C.},
	Reportnumber = {CERN-85-09, CERN-YELLOW-85-09},
	Slaccitation = {%%CITATION = CERN-85-09 ETC.;%%},
	Title = {{CERN School of Computing, Aiguablava, Spain, 9-22 Sep 1984: Proceedings}},
	Year = {1985}}

@article{CMS:2013b,
	Archiveprefix = {arXiv},
	Author = {Chatrchyan, Serguei and others},
	Collaboration = {CMS},
	Date-Added = {2014-06-16 21:58:05 +0000},
	Date-Modified = {2014-07-07 19:26:27 +0000},
	Doi = {10.1016/j.physletb.2012.11.025},
	Eprint = {1210.5482},
	Journal = {Phys.Lett.},
	Keywords = {LHC, CMS, QGP, pPb, correlations},
	Pages = {795-814},
	Primaryclass = {nucl-ex},
	Reportnumber = {CMS-HIN-12-005, CERN-PH-EP-2012-320, CMS-HIN-12-015},
	Slaccitation = {%%CITATION = ARXIV:1210.5482;%%},
	Title = {{Observation of long-range near-side angular correlations in proton-lead collisions at the LHC}},
	Volume = {B718},
	Year = {2013},
	Bdsk-Url-1 = {http://dx.doi.org/10.1016/j.physletb.2012.11.025}}

@article{ALICE:2013d,
	Archiveprefix = {arXiv},
	Author = {Abelev, Betty and others},
	Collaboration = {ALICE},
	Date-Added = {2014-06-16 21:57:00 +0000},
	Date-Modified = {2014-07-07 19:10:17 +0000},
	Doi = {10.1103/PhysRevLett.110.082302},
	Eprint = {1210.4520},
	Journal = {Phys.Rev.Lett.},
	Keywords = {LHC, ALICE, pPb, hadrons},
	Pages = {082302},
	Primaryclass = {nucl-ex},
	Reportnumber = {CERN-PH-EP-2012-306},
	Slaccitation = {%%CITATION = ARXIV:1210.4520;%%},
	Title = {{Transverse Momentum Distribution and Nuclear Modification Factor of Charged Particles in $p$-Pb Collisions at $\sqrt{s_{NN}}=5.02$ TeV}},
	Volume = {110},
	Year = {2013},
	Bdsk-Url-1 = {http://dx.doi.org/10.1103/PhysRevLett.110.082302}}

@article{ALICE:2012c,
	Archiveprefix = {arXiv},
	Author = {Abelev, Betty and others},
	Collaboration = {ALICE},
	Date-Added = {2014-06-16 21:52:57 +0000},
	Date-Modified = {2014-07-07 19:21:27 +0000},
	Doi = {10.1007/JHEP07(2012)116},
	Eprint = {1112.2082},
	Journal = {JHEP},
	Keywords = {LHC, ALICE, pp, underlying event},
	Pages = {116},
	Primaryclass = {hep-ex},
	Slaccitation = {%%CITATION = ARXIV:1112.2082;%%},
	Title = {{Underlying Event measurements in $pp$ collisions at $\sqrt{s}=0.9$ and 7 TeV with the ALICE experiment at the LHC}},
	Volume = {1207},
	Year = {2012},
	Bdsk-Url-1 = {http://dx.doi.org/10.1007/JHEP07(2012)116}}

@article{CMS:2014c,
	Archiveprefix = {arXiv},
	Author = {Chatrchyan, Serguei and others},
	Collaboration = {CMS},
	Date-Added = {2014-06-16 21:27:29 +0000},
	Date-Modified = {2014-07-07 19:27:40 +0000},
	Doi = {10.1016/j.physletb.2014.01.042},
	Eprint = {1310.0878},
	Journal = {Phys.Lett.},
	Keywords = {LHC, CMS, QGP, jets, jet quenching},
	Pages = {243-263},
	Primaryclass = {nucl-ex},
	Reportnumber = {CERN-PH-EP-2013-189, CMS-HIN-12-002},
	Slaccitation = {%%CITATION = ARXIV:1310.0878;%%},
	Title = {{Modification of jet shapes in PbPb collisions at $\sqrt{s_{NN}}=2.76$ TeV}},
	Volume = {B730},
	Year = {2014},
	Bdsk-Url-1 = {http://dx.doi.org/10.1016/j.physletb.2014.01.042}}

@article{ALICE:2014b,
	Archiveprefix = {arXiv},
	Author = {Abelev, Betty Bezverkhny and others},
	Collaboration = {ALICE},
	Date-Added = {2014-06-16 21:27:23 +0000},
	Date-Modified = {2014-07-07 19:10:59 +0000},
	Eprint = {1402.4476},
	Keywords = {LHC, ALICE},
	Primaryclass = {nucl-ex},
	Reportnumber = {CERN-PH-EP-2014-031},
	Slaccitation = {%%CITATION = ARXIV:1402.4476;%%},
	Title = {{Performance of the ALICE Experiment at the CERN LHC}},
	Year = {2014}}

@article{ALICE:2014a,
	Archiveprefix = {arXiv},
	Author = {Abelev, B. and others},
	Collaboration = {ALICE},
	Date-Added = {2014-06-16 21:27:20 +0000},
	Date-Modified = {2014-07-07 19:10:55 +0000},
	Doi = {10.1007/JHEP03(2014)013},
	Eprint = {1311.0633},
	Journal = {JHEP},
	Keywords = {LHC, ALICE, QGP, jets, jet quenching},
	Pages = {013},
	Primaryclass = {nucl-ex},
	Reportnumber = {CERN-PH-EP-2013-205},
	Slaccitation = {%%CITATION = ARXIV:1311.0633;%%},
	Title = {{Measurement of charged jet suppression in Pb--Pb collisions at $\sqrt{s_{NN}}=2.76$ TeV}},
	Volume = {1403},
	Year = {2014},
	Bdsk-Url-1 = {http://dx.doi.org/10.1007/JHEP03(2014)013}}

@article{ALICE:2013c,
	Archiveprefix = {arXiv},
	Author = {Abelev, B. and others},
	Collaboration = {ALICE},
	Date-Added = {2014-06-16 21:27:16 +0000},
	Date-Modified = {2014-07-07 19:09:56 +0000},
	Doi = {10.1016/j.physletb.2013.04.026},
	Eprint = {1301.3475},
	Journal = {Phys.Lett.},
	Keywords = {LHC, ALICE, pp},
	Pages = {262-272},
	Primaryclass = {nucl-ex},
	Reportnumber = {CERN-PH-EP-2012-301},
	Slaccitation = {%%CITATION = ARXIV:1301.3475;%%},
	Title = {{Measurement of the inclusive differential jet cross section in $pp$ collisions at $\sqrt{s} = 2.76$ TeV}},
	Volume = {B722},
	Year = {2013},
	Bdsk-Url-1 = {http://dx.doi.org/10.1016/j.physletb.2013.04.026}}

@article{CMS:2013a,
	Archiveprefix = {arXiv},
	Author = {Chatrchyan, Serguei and others},
	Collaboration = {CMS},
	Date-Added = {2014-06-16 21:27:13 +0000},
	Date-Modified = {2014-07-07 19:26:06 +0000},
	Eprint = {1312.4198},
	Keywords = {LHC, CMS, QGP, jets, jet quenching, heavy-quark, bottom},
	Primaryclass = {nucl-ex},
	Reportnumber = {CMS-HIN-12-003, CERN-PH-EP-2013-228},
	Slaccitation = {%%CITATION = ARXIV:1312.4198;%%},
	Title = {{Evidence of b-jet quenching in PbPb collisions at $\sqrt{s_{NN}}=2.76$ TeV}},
	Year = {2013}}

@article{CMS:2013c,
	Archiveprefix = {arXiv},
	Author = {Chatrchyan, Serguei and others},
	Collaboration = {CMS},
	Date-Added = {2014-06-16 21:27:10 +0000},
	Date-Modified = {2014-07-07 19:26:46 +0000},
	Doi = {10.1016/j.physletb.2012.11.003},
	Eprint = {1205.0206},
	Journal = {Phys.Lett.},
	Keywords = {LHC, CMS, QGP, jets, jet quenching, photons, correlations},
	Pages = {773-794},
	Primaryclass = {nucl-ex},
	Reportnumber = {CMS-HIN-11-010, CERN-PH-EP-2012-089},
	Slaccitation = {%%CITATION = ARXIV:1205.0206;%%},
	Title = {{Studies of jet quenching using isolated-photon+jet correlations in Pb--Pb and $pp$ collisions at $\sqrt{s_{NN}}=2.76$ TeV}},
	Volume = {B718},
	Year = {2013},
	Bdsk-Url-1 = {http://dx.doi.org/10.1016/j.physletb.2012.11.003}}

@article{ATLAS:2013a,
	Archiveprefix = {arXiv},
	Author = {Aad, Georges and others},
	Collaboration = {ATLAS},
	Date-Added = {2014-06-16 21:27:07 +0000},
	Date-Modified = {2014-07-07 19:16:41 +0000},
	Doi = {10.1007/JHEP11(2013)183},
	Eprint = {1305.2942},
	Journal = {JHEP},
	Keywords = {LHC, ATLAS, QGP, flow, vn},
	Pages = {183},
	Primaryclass = {hep-ex},
	Reportnumber = {CERN-PH-EP-2013-04, CERN-PH-EP-2013-04},
	Slaccitation = {%%CITATION = ARXIV:1305.2942;%%},
	Title = {{Measurement of the distributions of event-by-event flow harmonics in lead-lead collisions at $\sqrt{s_{\rm{NN}}} = 2.76 TeV with the ATLAS detector at the LHC}},
	Volume = {1311},
	Year = {2013},
	Bdsk-Url-1 = {http://dx.doi.org/10.1007/JHEP11(2013)183}}

@article{ATLAS:2013b,
	Archiveprefix = {arXiv},
	Author = {Aad, Georges and others},
	Collaboration = {ATLAS},
	Date-Added = {2014-06-16 21:27:05 +0000},
	Date-Modified = {2014-07-07 19:17:09 +0000},
	Doi = {10.1016/j.physletb.2013.01.024},
	Eprint = {1208.1967},
	Journal = {Phys.Lett.},
	Keywords = {LHC, ATLAS, QGP, jets, jet quenching},
	Pages = {220-241},
	Primaryclass = {hep-ex},
	Reportnumber = {CERN-PH-EP-2012-134},
	Slaccitation = {%%CITATION = ARXIV:1208.1967;%%},
	Title = {{Measurement of the jet radius and transverse momentum dependence of inclusive jet suppression in lead-lead collisions at $\sqrt{s_{\mathrm{NN}}}=2.76$ TeV with the ATLAS detector}},
	Volume = {B719},
	Year = {2013},
	Bdsk-Url-1 = {http://dx.doi.org/10.1016/j.physletb.2013.01.024}}

@article{CMS:2012a,
	Archiveprefix = {arXiv},
	Author = {Chatrchyan, Serguei and others},
	Collaboration = {CMS},
	Date-Added = {2014-06-16 21:26:17 +0000},
	Date-Modified = {2014-07-07 19:24:29 +0000},
	Doi = {10.1140/epjc/s10052-012-2012-3},
	Eprint = {1201.3158},
	Journal = {Eur.Phys.J.},
	Keywords = {LHC, CMS, QGP, hadrons, correlations, flow, vn},
	Pages = {2012},
	Primaryclass = {nucl-ex},
	Reportnumber = {CMS-HIN-11-006, CERN-EP-PH-2011-222},
	Slaccitation = {%%CITATION = ARXIV:1201.3158;%%},
	Title = {{Centrality dependence of dihadron correlations and azimuthal anisotropy harmonics in PbPb collisions at $\sqrt{s_{NN}}=2.76$ TeV}},
	Volume = {C72},
	Year = {2012},
	Bdsk-Url-1 = {http://dx.doi.org/10.1140/epjc/s10052-012-2012-3}}

@article{CMS:2012b,
	Archiveprefix = {arXiv},
	Author = {Chatrchyan, Serguei and others},
	Collaboration = {CMS},
	Date-Added = {2014-06-16 21:26:01 +0000},
	Date-Modified = {2014-07-07 19:24:40 +0000},
	Doi = {10.1016/j.physletb.2012.04.058},
	Eprint = {1202.5022},
	Journal = {Phys.Lett.},
	Keywords = {LHC, CMS, QGP, jets, jet quenching},
	Pages = {176-197},
	Primaryclass = {nucl-ex},
	Reportnumber = {CMS-HIN-11-013, CERN-PH-EP-2012-042},
	Slaccitation = {%%CITATION = ARXIV:1202.5022;%%},
	Title = {{Jet momentum dependence of jet quenching in Pb--Pb collisions at $\sqrt{s_{NN}}=2.76$ TeV}},
	Volume = {B712},
	Year = {2012},
	Bdsk-Url-1 = {http://dx.doi.org/10.1016/j.physletb.2012.04.058}}

@article{CMS:2012c,
	Archiveprefix = {arXiv},
	Author = {Chatrchyan, Serguei and others},
	Collaboration = {CMS},
	Date-Added = {2014-06-16 21:24:35 +0000},
	Date-Modified = {2014-07-07 19:24:52 +0000},
	Doi = {10.1007/JHEP10(2012)087},
	Eprint = {1205.5872},
	Journal = {JHEP},
	Keywords = {LHC, CMS, QGP, jets, jet quenching},
	Pages = {087},
	Primaryclass = {nucl-ex},
	Reportnumber = {CMS-HIN-11-004, CERN-PH-EP-2012-143},
	Slaccitation = {%%CITATION = ARXIV:1205.5872;%%},
	Title = {{Measurement of jet fragmentation into charged particles in $pp$ and Pb--Pb collisions at $\sqrt{s_{NN}}=2.76$ TeV}},
	Volume = {1210},
	Year = {2012},
	Bdsk-Url-1 = {http://dx.doi.org/10.1007/JHEP10(2012)087}}

@proceedings{Braidot:2010,
	Archiveprefix = {arXiv},
	Author = {Braidot, Ermes},
	Collaboration = {for the STAR Collaboration},
	Date-Added = {2014-06-16 21:22:39 +0000},
	Date-Modified = {2014-07-07 19:20:16 +0000},
	Eprint = {1005.2378},
	Keywords = {RHIC, STAR, hadrons, dAu},
	Primaryclass = {hep-ph},
	Slaccitation = {%%CITATION = ARXIV:1005.2378;%%},
	Title = {{Suppression of forward pion correlations in d--Au interactions at STAR}},
	Year = {2010}}

@article{PHENIX:2009a,
	Archiveprefix = {arXiv},
	Author = {Afanasiev, S. and others},
	Collaboration = {PHENIX},
	Date-Added = {2014-06-16 21:19:54 +0000},
	Date-Modified = {2014-07-07 20:45:12 +0000},
	Doi = {10.1103/PhysRevC.80.054907},
	Eprint = {0903.4886},
	Journal = {Phys. Rev.},
	Keywords = {RHIC, PHENIX, QGP, hadrons, flow, v2},
	Pages = {054907},
	Primaryclass = {nucl-ex},
	Slaccitation = {%%CITATION = 0903.4886;%%},
	Title = {{High-$p_{\rm{T}}$ $\pi^{0}$ production with respect to the reaction plane in Au+Au collisions at $\sqrt{s_{\rm{NN}}}=200$ GeV}},
	Volume = {C80},
	Year = {2009},
	Bdsk-Url-1 = {http://dx.doi.org/10.1103/PhysRevC.80.054907}}

@article{ALICE:2010a,
	Archiveprefix = {arXiv},
	Author = {Aamodt, K. and others},
	Collaboration = {ALICE},
	Date-Added = {2014-06-16 17:36:38 +0000},
	Date-Modified = {2014-07-07 19:08:54 +0000},
	Doi = {10.1140/epjc/s10052-010-1339-x},
	Eprint = {1004.3034},
	Journal = {Eur.Phys.J.},
	Keywords = {LHC, ALICE, pp},
	Pages = {89-108},
	Primaryclass = {hep-ex},
	Slaccitation = {%%CITATION = ARXIV:1004.3034;%%},
	Title = {{Charged-particle multiplicity measurement in proton-proton collisions at $\sqrt{s}$ = 0.9 and 2.76 TeV with ALICE at LHC}},
	Volume = {C68},
	Year = {2010},
	Bdsk-Url-1 = {http://dx.doi.org/10.1140/epjc/s10052-010-1339-x}}

@article{ATLAS:2010a,
	Archiveprefix = {arXiv},
	Author = {Aad, Georges and others},
	Collaboration = {ATLAS},
	Date-Added = {2014-06-16 17:36:19 +0000},
	Date-Modified = {2014-07-07 19:15:32 +0000},
	Doi = {10.1103/PhysRevLett.105.252303},
	Eprint = {1011.6182},
	Journal = {Phys.Rev.Lett.},
	Keywords = {LHC, ATLAS, QGP, jets, jet quenching, correlations},
	Pages = {252303},
	Primaryclass = {hep-ex},
	Slaccitation = {%%CITATION = ARXIV:1011.6182;%%},
	Title = {{Observation of a centrality-dependent dijet asymmetry in Pb--Pb collisions at $\sqrt{s_{\rm{NN}}}=2.76$ TeV with the ATLAS Detector at the LHC}},
	Volume = {105},
	Year = {2010},
	Bdsk-Url-1 = {http://dx.doi.org/10.1103/PhysRevLett.105.252303}}

@article{PHENIX:2008b,
	Archiveprefix = {arXiv},
	Author = {Adare, A. and others},
	Collaboration = {PHENIX},
	Date-Added = {2014-06-16 17:35:45 +0000},
	Date-Modified = {2014-07-07 20:40:24 +0000},
	Doi = {10.1103/PhysRevLett.101.232301},
	Eprint = {0801.4020},
	Journal = {Phys. Rev. Lett.},
	Keywords = {RHIC, PHENIX, QGP, hadrons, jet quenching},
	Pages = {232301},
	Primaryclass = {nucl-ex},
	Slaccitation = {%%CITATION = 0801.4020;%%},
	Title = {{Suppression pattern of neutral pions at high transverse momentum in Au+Au collisions at $\sqrt{s_{NN}}=200$ GeV and constraints on medium transport coefficients}},
	Volume = {101},
	Year = {2008},
	Bdsk-Url-1 = {http://dx.doi.org/10.1103/PhysRevLett.101.232301}}

@article{PHENIX:2008a,
	Archiveprefix = {arXiv},
	Author = {Adare, A. and others},
	Collaboration = {PHENIX},
	Date-Added = {2014-06-16 17:35:33 +0000},
	Date-Modified = {2014-07-07 19:00:50 +0000},
	Doi = {10.1103/PhysRevC.78.014901},
	Eprint = {0801.4545},
	Journal = {Phys.Rev.},
	Keywords = {RHIC, PHENIX, QGP, hadrons, correlations},
	Pages = {014901},
	Primaryclass = {nucl-ex},
	Title = {{Dihadron azimuthal correlations in Au+Au collisions at $\sqrt{s_{\rm{NN}}} = 200$ GeV}},
	Volume = {C78},
	Year = {2008},
	Bdsk-Url-1 = {http://dx.doi.org/10.1103/PhysRevC.78.014901}}

@article{STAR:2006b,
	Archiveprefix = {arXiv},
	Author = {Adams, John and others},
	Collaboration = {STAR},
	Date-Added = {2014-06-16 17:34:39 +0000},
	Date-Modified = {2014-07-07 18:55:30 +0000},
	Doi = {10.1016/j.physletb.2006.04.032},
	Eprint = {nucl-ex/0601033},
	Journal = {Phys. Lett.},
	Keywords = {RHIC, STAR, QGP, hadrons, PID, dAu},
	Pages = {161-169},
	Slaccitation = {%%CITATION = NUCL-EX/0601033;%%},
	Title = {{Identified hadron spectra at large transverse momentum in pp and d+Au collisions at $\sqrt{s_{\rm{NN}}}=200$ GeV}},
	Volume = {B637},
	Year = {2006},
	Bdsk-Url-1 = {http://dx.doi.org/10.1016/j.physletb.2006.04.032}}

@article{STAR:2005b,
	Archiveprefix = {arXiv},
	Author = {Adams, J. and others},
	Collaboration = {STAR},
	Date-Added = {2014-06-16 17:33:49 +0000},
	Date-Modified = {2014-07-07 20:41:51 +0000},
	Doi = {10.1103/PhysRevLett.95.152301},
	Eprint = {nucl-ex/0501016},
	Journal = {Phys.Rev.Lett.},
	Keywords = {RHIC, STAR, QGP, hadrons, jet quenching},
	Pages = {152301},
	Slaccitation = {%%CITATION = NUCL-EX/0501016;%%},
	Title = {{Distributions of charged hadrons associated with high transverse momentum particles in pp and Au+Au collisions at $\sqrt{s_{\rm{NN}}} = 200$ GeV}},
	Volume = {95},
	Year = {2005},
	Bdsk-Url-1 = {http://dx.doi.org/10.1103/PhysRevLett.95.152301}}

@article{PHOBOS:2004a,
	Archiveprefix = {arXiv},
	Author = {Back, B.B. and others},
	Collaboration = {PHOBOS},
	Date-Added = {2014-06-16 17:33:27 +0000},
	Date-Modified = {2014-07-07 19:39:31 +0000},
	Doi = {10.1016/j.physletb.2003.10.101},
	Eprint = {nucl-ex/0302015},
	Journal = {Phys.Lett.},
	Keywords = {RHIC, PHOBOS, QGP, hadrons},
	Pages = {297-303},
	Primaryclass = {nucl-ex},
	Reportnumber = {PHOBOS-02-03},
	Slaccitation = {%%CITATION = NUCL-EX/0302015;%%},
	Title = {{Charged hadron transverse momentum distributions in Au+Au collisions at $\sqrt{s_{\rm{NN}}}=200$ GeV}},
	Volume = {B578},
	Year = {2004},
	Bdsk-Url-1 = {http://dx.doi.org/10.1016/j.physletb.2003.10.101}}

@article{PHENIX:2004a,
	Archiveprefix = {arXiv},
	Author = {Adler, Stephen Scott and others},
	Collaboration = {PHENIX},
	Date-Added = {2014-06-16 17:33:12 +0000},
	Date-Modified = {2014-07-07 20:45:09 +0000},
	Doi = {10.1103/PhysRevC.69.034910},
	Eprint = {nucl-ex/0308006},
	Journal = {Phys. Rev.},
	Keywords = {RHIC, PHENIX, QGP, hadrons, jet quenching},
	Pages = {034910},
	Slaccitation = {%%CITATION = NUCL-EX/0308006;%%},
	Title = {{High $p_{\rm{T}}$ charged hadron suppression in Au+Au collisions at $\sqrt{s_{\rm{NN}}}=200$ GeV}},
	Volume = {C69},
	Year = {2004},
	Bdsk-Url-1 = {http://dx.doi.org/10.1103/PhysRevC.69.034910}}

@article{STAR:2003b,
	Archiveprefix = {arXiv},
	Author = {Adams, J. and others},
	Collaboration = {STAR},
	Date-Added = {2014-06-16 17:31:02 +0000},
	Date-Modified = {2014-07-07 20:42:03 +0000},
	Doi = {10.1103/PhysRevLett.91.172302},
	Eprint = {nucl-ex/0305015},
	Issue = {17},
	Journal = {Phys. Rev. Lett.},
	Keywords = {RHIC, STAR, QGP, hadrons, jet quenching},
	Month = {Oct},
	Numpages = {6},
	Pages = {172302},
	Primaryclass = {nucl-ex},
	Publisher = {American Physical Society},
	Title = {{Transverse-momentum and collision-energy dependence of high-$p_{\rm{T}}$ hadron suppression in Au+Au collisions at ultrarelativistic energies}},
	Url = {http://link.aps.org/doi/10.1103/PhysRevLett.91.172302},
	Volume = {91},
	Year = {2003},
	Bdsk-Url-1 = {http://link.aps.org/doi/10.1103/PhysRevLett.91.172302},
	Bdsk-Url-2 = {http://dx.doi.org/10.1103/PhysRevLett.91.172302}}

@article{BRAHMS:2003a,
	Archiveprefix = {arXiv},
	Author = {Arsene, I. and others},
	Collaboration = {BRAHMS},
	Date-Added = {2014-06-16 17:30:58 +0000},
	Date-Modified = {2014-07-07 20:35:28 +0000},
	Doi = {10.1103/PhysRevLett.91.072305},
	Eprint = {nucl-ex/0307003},
	Journal = {Phys.Rev.Lett.},
	Keywords = {RHIC, BRAHMS, QGP, hadrons, dAu, jet quenching},
	Pages = {072305},
	Primaryclass = {nucl-ex},
	Slaccitation = {%%CITATION = NUCL-EX/0307003;%%},
	Title = {{Transverse momentum spectra in Au+Au and d+Au collisions at $\sqrt{s_{\mathrm{NN}}}=200$ GeV and the pseudorapidity dependence of high-${p_{\rm{T}}}$ suppression}},
	Volume = {91},
	Year = {2003},
	Bdsk-Url-1 = {http://dx.doi.org/10.1103/PhysRevLett.91.072305}}

@article{PHENIX:2003b,
	Archiveprefix = {arXiv},
	Author = {Adler, Stephen Scott and others},
	Collaboration = {PHENIX},
	Date-Added = {2014-06-16 17:30:49 +0000},
	Date-Modified = {2014-07-07 20:40:00 +0000},
	Doi = {10.1103/PhysRevLett.91.072301},
	Eprint = {nucl-ex/0304022},
	Journal = {Phys.Rev.Lett.},
	Keywords = {RHIC, PHENIX, QGP, hadrons, jet quenching},
	Pages = {072301},
	Slaccitation = {%%CITATION = NUCL-EX/0304022;%%},
	Title = {{Suppressed $\pi^0$ production at large transverse momentum in central Au+Au collisions at $\sqrt{s_{NN}}=200$ GeV}},
	Volume = {91},
	Year = {2003},
	Bdsk-Url-1 = {http://dx.doi.org/10.1103/PhysRevLett.91.072301}}

@article{STAR:2003c,
	Archiveprefix = {arXiv},
	Author = {Adler, C.\ and others},
	Collaboration = {STAR},
	Date-Added = {2014-06-16 17:30:42 +0000},
	Date-Modified = {2014-07-13 23:38:48 +0000},
	Doi = {10.1103/PhysRevLett.90.082302},
	Eprint = {nucl-ex/0210033},
	Journal = {Phys.Rev.Lett.},
	Keywords = {RHIC, STAR, QGP, hadrons, correlations, jet quenching},
	Pages = {082302},
	Slaccitation = {%%CITATION = NUCL-EX/0210033;%%},
	Title = {{Disappearance of back-to-back high $p_{\rm{T}}$ hadron correlations in central Au+Au collisions at ${\sqrt{\rm{NN}}} = 200$ GeV}},
	Volume = {90},
	Year = {2003},
	Bdsk-Url-1 = {http://dx.doi.org/10.1103/PhysRevLett.90.082302}}

@article{PHENIX:2003a,
	Archiveprefix = {arXiv},
	Author = {Adcox, K. and others},
	Collaboration = {PHENIX},
	Date-Added = {2014-06-16 17:30:34 +0000},
	Date-Modified = {2014-07-07 20:39:45 +0000},
	Doi = {10.1016/S0370-2693(03)00423-4},
	Eprint = {nucl-ex/0207009},
	Journal = {Phys.Lett.},
	Keywords = {RHIC, PHENIX, QGP, hadrons, jet quenching},
	Pages = {82-92},
	Primaryclass = {nucl-ex},
	Slaccitation = {%%CITATION = NUCL-EX/0207009;%%},
	Title = {{Centrality dependence of the high-${p_{\rm{T}}}$ charged hadron suppression in Au+Au collisions at $\sqrt{s_{\rm{NN}}}=130$ GeV}},
	Volume = {B561},
	Year = {2003},
	Bdsk-Url-1 = {http://dx.doi.org/10.1016/S0370-2693(03)00423-4}}

@article{STAR:2003a,
	Archiveprefix = {arXiv},
	Author = {Adams, J. and others},
	Collaboration = {STAR},
	Date-Added = {2014-06-16 17:30:25 +0000},
	Date-Modified = {2014-07-07 20:42:10 +0000},
	Doi = {10.1103/PhysRevLett.91.072304},
	Eprint = {nucl-ex/0306024},
	Journal = {Phys.Rev.Lett.},
	Keywords = {RHIC, STAR, dAu, hadrons},
	Pages = {072304},
	Primaryclass = {nucl-ex},
	Slaccitation = {%%CITATION = NUCL-EX/0306024;%%},
	Title = {{Evidence from d+Au measurements for final state suppression of high-$p_{\mathrm{T}}$ hadrons in Au+Au collisions at RHIC}},
	Volume = {91},
	Year = {2003},
	Bdsk-Url-1 = {http://dx.doi.org/10.1103/PhysRevLett.91.072304}}

@article{PHENIX:2001a,
	Archiveprefix = {arXiv},
	Author = {Adcox, K. and others},
	Collaboration = {PHENIX},
	Date-Added = {2014-06-16 17:30:13 +0000},
	Date-Modified = {2014-07-07 20:39:27 +0000},
	Doi = {10.1103/PhysRevLett.88.022301},
	Eprint = {nucl-ex/0109003},
	Journal = {Phys.Rev.Lett.},
	Keywords = {RHIC, PHENIX, QGP, hadrons, jet quenching},
	Pages = {022301},
	Primaryclass = {nucl-ex},
	Slaccitation = {%%CITATION = NUCL-EX/0109003;%%},
	Title = {{Suppression of hadrons with large transverse momentum in central Au+Au collisions at $\sqrt{s_{NN}}=130$ GeV}},
	Volume = {88},
	Year = {2002},
	Bdsk-Url-1 = {http://dx.doi.org/10.1103/PhysRevLett.88.022301}}

@article{CMS:2012e,
	Author = {Chatrchyan, S. and others},
	Collaboration = {CMS},
	Date-Added = {2012-11-14 16:25:48 +0000},
	Date-Modified = {2014-07-07 20:39:00 +0000},
	Doi = {10.1140/epjc/s10052-012-1945-x},
	Issn = {1434-6044},
	Issue = {3},
	Journal = {The European Physical Journal C},
	Keywords = {LHC, CMS, QGP, hadrons, jet quenching},
	Pages = {1-22},
	Publisher = {Springer-Verlag},
	Section = {C},
	Title = {Study of high-$p_{\rm{T}}$ charged particle suppression in PbPb compared to pp collisions at $\sqrt{s_{\mathrm{\rm{NN}}}}=2.76~\mathrm{TeV}$},
	Volume = {72},
	Year = {2012},
	Bdsk-Url-1 = {http://dx.doi.org/10.1140/epjc/s10052-012-1945-x}}

@article{PHENIX:2005a,
	Author = {K. Adcox and others},
	Collaboration = {PHENIX},
	Date-Added = {2012-11-11 21:04:45 +0000},
	Date-Modified = {2014-07-07 19:39:24 +0000},
	Doi = {10.1016/j.nuclphysa.2005.03.086},
	Issn = {0375-9474},
	Journal = {Nuclear Physics A},
	Keywords = {RHIC, PHENIX, QGP},
	Pages = {184 - 283},
	Section = {A},
	Title = {{Formation of dense partonic matter in relativistic nucleus-nucleus collisions at RHIC: Experimental evaluation by the PHENIX Collaboration}},
	Volume = {757},
	Year = {2005},
	Bdsk-Url-1 = {http://www.sciencedirect.com/science/article/pii/S0375947405005300},
	Bdsk-Url-2 = {http://dx.doi.org/10.1016/j.nuclphysa.2005.03.086}}

@article{STAR:2005a,
	Author = {J. Adams and others},
	Collaboration = {STAR},
	Date-Added = {2012-11-11 21:02:34 +0000},
	Date-Modified = {2014-07-07 21:18:34 +0000},
	Doi = {10.1016/j.nuclphysa.2005.03.085},
	Issn = {0375-9474},
	Journal = {Nuclear Physics A},
	Keywords = {STAR, RHIC, QGP},
	Pages = {102 - 183},
	Section = {A},
	Title = {{Experimental and theoretical challenges in the search for the quark-gluon plasma: The STAR Collaboration's critical assessment of the evidence from RHIC collisions}},
	Volume = {757},
	Year = {2005},
	Bdsk-Url-1 = {http://www.sciencedirect.com/science/article/pii/S0375947405005294},
	Bdsk-Url-2 = {http://dx.doi.org/10.1016/j.nuclphysa.2005.03.085}}

@article{ALICE:2010b,
	Author = {Aamodt, K. and others},
	Collaboration = {ALICE},
	Date-Added = {2012-11-10 15:22:14 +0000},
	Date-Modified = {2014-07-07 20:37:37 +0000},
	Doi = {10.1103/PhysRevLett.105.252302},
	Issue = {25},
	Journal = {Phys. Rev. Lett.},
	Keywords = {LHC, ALICE, QGP, flow, v2},
	Month = {Dec},
	Numpages = {11},
	Pages = {252302},
	Publisher = {American Physical Society},
	Title = {{Elliptic Flow of Charged Particles in Pb-Pb Collisions at $\sqrt{s_{\rm{NN}}}=2.76$ TeV}},
	Volume = {105},
	Year = {2010},
	Bdsk-File-1 = {YnBsaXN0MDDUAQIDBAUGJCVYJHZlcnNpb25YJG9iamVjdHNZJGFyY2hpdmVyVCR0b3ASAAGGoKgHCBMUFRYaIVUkbnVsbNMJCgsMDxJXTlMua2V5c1pOUy5vYmplY3RzViRjbGFzc6INDoACgAOiEBGABIAFgAdccmVsYXRpdmVQYXRoWWFsaWFzRGF0YV8QNy4uLy4uLzIwMTIvZG9jdW1lbnRzL0dlbmVyYWwvUGh5c1JldkxldHQuMTA1LjI1MjMwMi5wZGbSFwsYGVdOUy5kYXRhTxECCAAAAAACCAACAAAMTWFjaW50b3NoIEhEAAAAAAAAAAAAAAAAAAAA0d/mMUgrAAAAE69dGlBoeXNSZXZMZXR0LjEwNS4yNTIzMDIucGRmAAAAAAAAAAAAAAAAAAAAAAAAAAAAAAAAAAAAAAAAAAAAAAAAAAATr5HMw9spAAAAAAAAAAAAAgAEAAAJIAAAAAAAAAAAAAAAAAAAAAdHZW5lcmFsAAAQAAgAANHgHnEAAAARAAgAAMzEIXkAAAABACAAE69dABOvTgATr0wAE61HABN/wQAPZy4AD2buAA9mpwACAGdNYWNpbnRvc2ggSEQ6VXNlcnM6AHNhNjM5OgBEb2N1bWVudHM6AFdvcms6AEFMSUNFOgAyMDEyOgBkb2N1bWVudHM6AEdlbmVyYWw6AFBoeXNSZXZMZXR0LjEwNS4yNTIzMDIucGRmAAAOADYAGgBQAGgAeQBzAFIAZQB2AEwAZQB0AHQALgAxADAANQAuADIANQAyADMAMAAyAC4AcABkAGYADwAaAAwATQBhAGMAaQBuAHQAbwBzAGgAIABIAEQAEgBSVXNlcnMvc2E2MzkvRG9jdW1lbnRzL1dvcmsvQUxJQ0UvMjAxMi9kb2N1bWVudHMvR2VuZXJhbC9QaHlzUmV2TGV0dC4xMDUuMjUyMzAyLnBkZgATAAEvAAAVAAIADP//AACABtIbHB0eWiRjbGFzc25hbWVYJGNsYXNzZXNdTlNNdXRhYmxlRGF0YaMdHyBWTlNEYXRhWE5TT2JqZWN00hscIiNcTlNEaWN0aW9uYXJ5oiIgXxAPTlNLZXllZEFyY2hpdmVy0SYnVHJvb3SAAQAIABEAGgAjAC0AMgA3AEAARgBNAFUAYABnAGoAbABuAHEAcwB1AHcAhACOAMgAzQDVAuEC4wLoAvMC/AMKAw4DFQMeAyMDMAMzA0UDSANNAAAAAAAAAgEAAAAAAAAAKAAAAAAAAAAAAAAAAAAAA08=},
	Bdsk-Url-1 = {http://link.aps.org/doi/10.1103/PhysRevLett.105.252302},
	Bdsk-Url-2 = {http://dx.doi.org/10.1103/PhysRevLett.105.252302}}

@url{RooUnfold-url,
	Date-Added = {2012-11-09 01:23:02 +0000},
	Date-Modified = {2014-07-07 19:32:06 +0000},
	Keywords = {unfolding},
	Title = {RooUnfold webpage, http://hepunx.rl.ac.uk/~adye/software/unfold/RooUnfold.html}}

@url{ROOT-url,
	Date-Added = {2012-11-09 01:22:11 +0000},
	Date-Modified = {2014-07-07 17:03:09 +0000},
	Title = {ROOT webpage, http://root.cern.ch/drupal/},
	Url = {http://root.cern.ch/drupal/},
	Bdsk-Url-1 = {http://root.cern.ch/drupal/}}

@article{Dagostini:1995,
	Author = {G. D'Agostini},
	Date-Added = {2012-11-09 01:19:50 +0000},
	Date-Modified = {2014-07-07 18:14:47 +0000},
	Journal = {NIM},
	Keywords = {unfolding},
	Pages = {487},
	Section = {A},
	Title = {{A multidimensional unfolding method based on Bayes' theorem}},
	Volume = {362},
	Year = {1995},
	Bdsk-File-1 = {YnBsaXN0MDDUAQIDBAUGJCVYJHZlcnNpb25YJG9iamVjdHNZJGFyY2hpdmVyVCR0b3ASAAGGoKgHCBMUFRYaIVUkbnVsbNMJCgsMDxJXTlMua2V5c1pOUy5vYmplY3RzViRjbGFzc6INDoACgAOiEBGABIAFgAdccmVsYXRpdmVQYXRoWWFsaWFzRGF0YV8QPy4uLy4uLzIwMTIvZG9jdW1lbnRzL1VuZm9sZGluZy8xLXMyLjAtMDE2ODkwMDI5NTAwMjc0WC1tYWluLnBkZtIXCxgZV05TLmRhdGFPEQIkAAAAAAIkAAIAAAxNYWNpbnRvc2ggSEQAAAAAAAAAAAAAAAAAAADR3+YxSCsAAAATr7cfMS1zMi4wLTAxNjg5MDAyOTUwMDIjMTNBRkJBLnBkZgAAAAAAAAAAAAAAAAAAAAAAAAAAAAAAAAAAAAAAAAAAABOvusyS1bIAAAAAAAAAAAACAAQAAAkgAAAAAAAAAAAAAAAAAAAACVVuZm9sZGluZwAAEAAIAADR4B5xAAAAEQAIAADMkw3yAAAAAQAgABOvtwATr04AE69MABOtRwATf8EAD2cuAA9m7gAPZqcAAgBuTWFjaW50b3NoIEhEOlVzZXJzOgBzYTYzOToARG9jdW1lbnRzOgBXb3JrOgBBTElDRToAMjAxMjoAZG9jdW1lbnRzOgBVbmZvbGRpbmc6ADEtczIuMC0wMTY4OTAwMjk1MDAyIzEzQUZCQS5wZGYADgBCACAAMQAtAHMAMgAuADAALQAwADEANgA4ADkAMAAwADIAOQA1ADAAMAAyADcANABYAC0AbQBhAGkAbgAuAHAAZABmAA8AGgAMAE0AYQBjAGkAbgB0AG8AcwBoACAASABEABIAWlVzZXJzL3NhNjM5L0RvY3VtZW50cy9Xb3JrL0FMSUNFLzIwMTIvZG9jdW1lbnRzL1VuZm9sZGluZy8xLXMyLjAtMDE2ODkwMDI5NTAwMjc0WC1tYWluLnBkZgATAAEvAAAVAAIADP//AACABtIbHB0eWiRjbGFzc25hbWVYJGNsYXNzZXNdTlNNdXRhYmxlRGF0YaMdHyBWTlNEYXRhWE5TT2JqZWN00hscIiNcTlNEaWN0aW9uYXJ5oiIgXxAPTlNLZXllZEFyY2hpdmVy0SYnVHJvb3SAAQAIABEAGgAjAC0AMgA3AEAARgBNAFUAYABnAGoAbABuAHEAcwB1AHcAhACOANAA1QDdAwUDBwMMAxcDIAMuAzIDOQNCA0cDVANXA2kDbANxAAAAAAAAAgEAAAAAAAAAKAAAAAAAAAAAAAAAAAAAA3M=}}

@article{CMS:2011c,
	Author = {Chatrchyan, S. and others},
	Collaboration = {CMS},
	Date-Added = {2012-11-09 00:23:16 +0000},
	Date-Modified = {2014-07-07 19:24:02 +0000},
	Doi = {10.1103/PhysRevC.84.024906},
	Issue = {2},
	Journal = {Phys. Rev. C},
	Keywords = {LHC, CMS, QGP, jets, jet quenching},
	Month = {Aug},
	Numpages = {26},
	Pages = {024906},
	Publisher = {American Physical Society},
	Section = {C},
	Title = {{Observation and studies of jet quenching in Pb--Pb collisions at $\sqrt{{s}_{\rm{NN}}}=2.76$ TeV}},
	Volume = {84},
	Year = {2011},
	Bdsk-File-1 = {YnBsaXN0MDDUAQIDBAUGJCVYJHZlcnNpb25YJG9iamVjdHNZJGFyY2hpdmVyVCR0b3ASAAGGoKgHCBMUFRYaIVUkbnVsbNMJCgsMDxJXTlMua2V5c1pOUy5vYmplY3RzViRjbGFzc6INDoACgAOiEBGABIAFgAdccmVsYXRpdmVQYXRoWWFsaWFzRGF0YV8QMy4uLy4uLzIwMTIvZG9jdW1lbnRzL0dlbmVyYWwvUGh5c1JldkMuODQuMDI0OTA2LnBkZtIXCxgZV05TLmRhdGFPEQH4AAAAAAH4AAIAAAxNYWNpbnRvc2ggSEQAAAAAAAAAAAAAAAAAAADR3+YxSCsAAAATr10WUGh5c1JldkMuODQuMDI0OTA2LnBkZgAAAAAAAAAAAAAAAAAAAAAAAAAAAAAAAAAAAAAAAAAAAAAAAAAAAAAAABOvjMzBtzYAAAAAAAAAAAACAAQAAAkgAAAAAAAAAAAAAAAAAAAAB0dlbmVyYWwAABAACAAA0eAecQAAABEACAAAzMH9hgAAAAEAIAATr10AE69OABOvTAATrUcAE3/BAA9nLgAPZu4AD2anAAIAY01hY2ludG9zaCBIRDpVc2VyczoAc2E2Mzk6AERvY3VtZW50czoAV29yazoAQUxJQ0U6ADIwMTI6AGRvY3VtZW50czoAR2VuZXJhbDoAUGh5c1JldkMuODQuMDI0OTA2LnBkZgAADgAuABYAUABoAHkAcwBSAGUAdgBDAC4AOAA0AC4AMAAyADQAOQAwADYALgBwAGQAZgAPABoADABNAGEAYwBpAG4AdABvAHMAaAAgAEgARAASAE5Vc2Vycy9zYTYzOS9Eb2N1bWVudHMvV29yay9BTElDRS8yMDEyL2RvY3VtZW50cy9HZW5lcmFsL1BoeXNSZXZDLjg0LjAyNDkwNi5wZGYAEwABLwAAFQACAAz//wAAgAbSGxwdHlokY2xhc3NuYW1lWCRjbGFzc2VzXU5TTXV0YWJsZURhdGGjHR8gVk5TRGF0YVhOU09iamVjdNIbHCIjXE5TRGljdGlvbmFyeaIiIF8QD05TS2V5ZWRBcmNoaXZlctEmJ1Ryb290gAEACAARABoAIwAtADIANwBAAEYATQBVAGAAZwBqAGwAbgBxAHMAdQB3AIQAjgDEAMkA0QLNAs8C1ALfAugC9gL6AwEDCgMPAxwDHwMxAzQDOQAAAAAAAAIBAAAAAAAAACgAAAAAAAAAAAAAAAAAAAM7},
	Bdsk-Url-1 = {http://link.aps.org/doi/10.1103/PhysRevC.84.024906},
	Bdsk-Url-2 = {http://dx.doi.org/10.1103/PhysRevC.84.024906}}

@proceedings{Jacobs:2010,
	Archiveprefix = {arXiv},
	Author = {P.M. Jacobs},
	Collaboration = {for the STAR Collaboration},
	Date-Added = {2012-11-08 23:41:36 +0000},
	Date-Modified = {2014-07-07 19:28:59 +0000},
	Eprint = {1012.2406},
	Keywords = {jets, jet finding, underlying event},
	Title = {Background Fluctuations in Heavy Ion Jet Reconstruction},
	Year = {2010}}

@proceedings{Ploskon:2009,
	Author = {M. Ploskon},
	Collaboration = {for the STAR Collaboration},
	Date-Added = {2012-11-08 23:27:31 +0000},
	Date-Modified = {2014-07-07 19:33:00 +0000},
	Doi = {10.1016/j.nuclphysa.2009.10.095},
	Issn = {0375-9474},
	Journal = {Nuclear Physics A},
	Keywords = {RHIC, STAR, QGP, jets, jet quenching},
	Number = {1-4},
	Pages = {255c - 258c},
	Title = {{Inclusive cross section and correlations of fully reconstructed jets in Au + Au and collisions}},
	Url = {http://www.sciencedirect.com/science/article/pii/S0375947409007507},
	Volume = {830},
	Year = {2009},
	Bdsk-Url-1 = {http://www.sciencedirect.com/science/article/pii/S0375947409007507},
	Bdsk-Url-2 = {http://dx.doi.org/10.1016/j.nuclphysa.2009.10.095}}

@article{ALICEEMCal:2010,
	Author = {Rene Bellwied},
	Collaboration = {for the ALICE EMCal Collaboration},
	Date-Added = {2012-11-08 16:18:58 +0000},
	Date-Modified = {2014-07-07 19:11:16 +0000},
	Journal = {Arxiv preprint arXiv:1008.0413},
	Keywords = {LHC, ALICE, EMCal},
	Title = {{ALICE EMCal Physics Performance Report}},
	Year = {2010},
	Bdsk-File-1 = {YnBsaXN0MDDUAQIDBAUGJCVYJHZlcnNpb25YJG9iamVjdHNZJGFyY2hpdmVyVCR0b3ASAAGGoKgHCBMUFRYaIVUkbnVsbNMJCgsMDxJXTlMua2V5c1pOUy5vYmplY3RzViRjbGFzc6INDoACgAOiEBGABIAFgAdccmVsYXRpdmVQYXRoWWFsaWFzRGF0YV8QLC4uLy4uLzIwMTIvZG9jdW1lbnRzL0dlbmVyYWwvMTAwOC4wNDEzdjEucGRm0hcLGBlXTlMuZGF0YU8RAdwAAAAAAdwAAgAADE1hY2ludG9zaCBIRAAAAAAAAAAAAAAAAAAAANHf5jFIKwAAABOvXQ8xMDA4LjA0MTN2MS5wZGYAAAAAAAAAAAAAAAAAAAAAAAAAAAAAAAAAAAAAAAAAAAAAAAAAAAAAAAAAAAAAAAAAE69szMFolwAAAAAAAAAAAAIABAAACSAAAAAAAAAAAAAAAAAAAAAHR2VuZXJhbAAAEAAIAADR4B5xAAAAEQAIAADMwa7nAAAAAQAgABOvXQATr04AE69MABOtRwATf8EAD2cuAA9m7gAPZqcAAgBcTWFjaW50b3NoIEhEOlVzZXJzOgBzYTYzOToARG9jdW1lbnRzOgBXb3JrOgBBTElDRToAMjAxMjoAZG9jdW1lbnRzOgBHZW5lcmFsOgAxMDA4LjA0MTN2MS5wZGYADgAgAA8AMQAwADAAOAAuADAANAAxADMAdgAxAC4AcABkAGYADwAaAAwATQBhAGMAaQBuAHQAbwBzAGgAIABIAEQAEgBHVXNlcnMvc2E2MzkvRG9jdW1lbnRzL1dvcmsvQUxJQ0UvMjAxMi9kb2N1bWVudHMvR2VuZXJhbC8xMDA4LjA0MTN2MS5wZGYAABMAAS8AABUAAgAM//8AAIAG0hscHR5aJGNsYXNzbmFtZVgkY2xhc3Nlc11OU011dGFibGVEYXRhox0fIFZOU0RhdGFYTlNPYmplY3TSGxwiI1xOU0RpY3Rpb25hcnmiIiBfEA9OU0tleWVkQXJjaGl2ZXLRJidUcm9vdIABAAgAEQAaACMALQAyADcAQABGAE0AVQBgAGcAagBsAG4AcQBzAHUAdwCEAI4AvQDCAMoCqgKsArECvALFAtMC1wLeAucC7AL5AvwDDgMRAxYAAAAAAAACAQAAAAAAAAAoAAAAAAAAAAAAAAAAAAADGA==}}

@article{ALICE:1995,
	Date-Added = {2012-11-08 16:16:22 +0000},
	Date-Modified = {2014-07-07 19:02:51 +0000},
	Journal = {CERN/LHCC/95-71},
	Keywords = {LHC, ALICE},
	Title = {{ALICE Collaboration Technical Proposal}},
	Year = {1995}}

@article{ALICEDCal:2010,
	Author = {Allen, J and others},
	Date-Added = {2012-11-08 16:14:53 +0000},
	Date-Modified = {2014-07-07 19:11:11 +0000},
	Journal = {http://cdsweb.cern.ch/record/1272952},
	Keywords = {LHC, ALICE, DCal},
	Title = {{ALICE DCal: An Addendum to the EMCal Technical Design Report Di-Jet and Hadron-Jet correlation measurements in ALICE}},
	Year = {2010}}

@article{ALICE:2008,
	Author = {K. Aamodt and other},
	Collaboration = {ALICE},
	Date-Added = {2012-11-08 13:43:47 +0000},
	Date-Modified = {2014-07-07 19:02:11 +0000},
	Journal = {Journal of Instrumentation},
	Keywords = {LHC, ALICE},
	Pages = {S08002},
	Title = {{The ALICE experiment at the CERN LHC}},
	Volume = {3},
	Year = {2008},
	Bdsk-File-1 = {YnBsaXN0MDDUAQIDBAUGJCVYJHZlcnNpb25YJG9iamVjdHNZJGFyY2hpdmVyVCR0b3ASAAGGoKgHCBMUFRYaIVUkbnVsbNMJCgsMDxJXTlMua2V5c1pOUy5vYmplY3RzViRjbGFzc6INDoACgAOiEBGABIAFgAdccmVsYXRpdmVQYXRoWWFsaWFzRGF0YV8QNi4uLy4uLzIwMTIvZG9jdW1lbnRzL0dlbmVyYWwvMTc0OC0wMjIxXzNfMDhfUzA4MDAyLnBkZtIXCxgZV05TLmRhdGFPEQIEAAAAAAIEAAIAAAxNYWNpbnRvc2ggSEQAAAAAAAAAAAAAAAAAAADR3+YxSCsAAAATr10ZMTc0OC0wMjIxXzNfMDhfUzA4MDAyLnBkZgAAAAAAAAAAAAAAAAAAAAAAAAAAAAAAAAAAAAAAAAAAAAAAAAAAABOveMzBOpAAAAAAAAAAAAACAAQAAAkgAAAAAAAAAAAAAAAAAAAAB0dlbmVyYWwAABAACAAA0eAecQAAABEACAAAzMGA4AAAAAEAIAATr10AE69OABOvTAATrUcAE3/BAA9nLgAPZu4AD2anAAIAZk1hY2ludG9zaCBIRDpVc2VyczoAc2E2Mzk6AERvY3VtZW50czoAV29yazoAQUxJQ0U6ADIwMTI6AGRvY3VtZW50czoAR2VuZXJhbDoAMTc0OC0wMjIxXzNfMDhfUzA4MDAyLnBkZgAOADQAGQAxADcANAA4AC0AMAAyADIAMQBfADMAXwAwADgAXwBTADAAOAAwADAAMgAuAHAAZABmAA8AGgAMAE0AYQBjAGkAbgB0AG8AcwBoACAASABEABIAUVVzZXJzL3NhNjM5L0RvY3VtZW50cy9Xb3JrL0FMSUNFLzIwMTIvZG9jdW1lbnRzL0dlbmVyYWwvMTc0OC0wMjIxXzNfMDhfUzA4MDAyLnBkZgAAEwABLwAAFQACAAz//wAAgAbSGxwdHlokY2xhc3NuYW1lWCRjbGFzc2VzXU5TTXV0YWJsZURhdGGjHR8gVk5TRGF0YVhOU09iamVjdNIbHCIjXE5TRGljdGlvbmFyeaIiIF8QD05TS2V5ZWRBcmNoaXZlctEmJ1Ryb290gAEACAARABoAIwAtADIANwBAAEYATQBVAGAAZwBqAGwAbgBxAHMAdQB3AIQAjgDHAMwA1ALcAt4C4wLuAvcDBQMJAxADGQMeAysDLgNAA0MDSAAAAAAAAAIBAAAAAAAAACgAAAAAAAAAAAAAAAAAAANK}}

@article{STAR:2006a,
	Author = {J. Adams and others},
	Collaboration = {STAR},
	Date-Added = {2012-11-08 00:16:05 +0000},
	Date-Modified = {2014-07-07 18:48:59 +0000},
	Journal = {Phys. Rev. Lett.},
	Keywords = {STAR, RHIC, QGP, jets, jet quenching},
	Pages = {162301},
	Title = {{Direct Observation of Dijets in Central Au--Au Collisions at $\sqrt{s_{\rm{NN}}}=200$ GeV}},
	Volume = {97},
	Year = {2006},
	Bdsk-File-1 = {YnBsaXN0MDDUAQIDBAUGJCVYJHZlcnNpb25YJG9iamVjdHNZJGFyY2hpdmVyVCR0b3ASAAGGoKgHCBMUFRYaIVUkbnVsbNMJCgsMDxJXTlMua2V5c1pOUy5vYmplY3RzViRjbGFzc6INDoACgAOiEBGABIAFgAdccmVsYXRpdmVQYXRoWWFsaWFzRGF0YV8QNi4uLy4uLzIwMTIvZG9jdW1lbnRzL0dlbmVyYWwvUGh5c1JldkxldHQuOTcuMTYyMzAxLnBkZtIXCxgZV05TLmRhdGFPEQIEAAAAAAIEAAIAAAxNYWNpbnRvc2ggSEQAAAAAAAAAAAAAAAAAAADR3+YxSCsAAAATr10ZUGh5c1JldkxldHQuOTcuMTYyMzAxLnBkZgAAAAAAAAAAAAAAAAAAAAAAAAAAAAAAAAAAAAAAAAAAAAAAAAAAABOvmszI3NcAAAAAAAAAAAACAAQAAAkgAAAAAAAAAAAAAAAAAAAAB0dlbmVyYWwAABAACAAA0eAecQAAABEACAAAzMkjJwAAAAEAIAATr10AE69OABOvTAATrUcAE3/BAA9nLgAPZu4AD2anAAIAZk1hY2ludG9zaCBIRDpVc2VyczoAc2E2Mzk6AERvY3VtZW50czoAV29yazoAQUxJQ0U6ADIwMTI6AGRvY3VtZW50czoAR2VuZXJhbDoAUGh5c1JldkxldHQuOTcuMTYyMzAxLnBkZgAOADQAGQBQAGgAeQBzAFIAZQB2AEwAZQB0AHQALgA5ADcALgAxADYAMgAzADAAMQAuAHAAZABmAA8AGgAMAE0AYQBjAGkAbgB0AG8AcwBoACAASABEABIAUVVzZXJzL3NhNjM5L0RvY3VtZW50cy9Xb3JrL0FMSUNFLzIwMTIvZG9jdW1lbnRzL0dlbmVyYWwvUGh5c1JldkxldHQuOTcuMTYyMzAxLnBkZgAAEwABLwAAFQACAAz//wAAgAbSGxwdHlokY2xhc3NuYW1lWCRjbGFzc2VzXU5TTXV0YWJsZURhdGGjHR8gVk5TRGF0YVhOU09iamVjdNIbHCIjXE5TRGljdGlvbmFyeaIiIF8QD05TS2V5ZWRBcmNoaXZlctEmJ1Ryb290gAEACAARABoAIwAtADIANwBAAEYATQBVAGAAZwBqAGwAbgBxAHMAdQB3AIQAjgDHAMwA1ALcAt4C4wLuAvcDBQMJAxADGQMeAysDLgNAA0MDSAAAAAAAAAIBAAAAAAAAACgAAAAAAAAAAAAAAAAAAANK},
	Bdsk-Url-1 = {http://prl.aps.org/abstract/PRL/v97/i16/e162301}}

@article{ALICE:2010d,
	Author = {K. Aamodt and others},
	Collaboration = {ALICE},
	Date-Added = {2012-11-07 23:22:47 +0000},
	Date-Modified = {2014-07-07 20:33:50 +0000},
	Doi = {10.1016/j.physletb.2010.12.020},
	Issn = {0370-2693},
	Journal = {Physics Letters B},
	Keywords = {LHC, ALICE, QGP, hadrons, jet quenching},
	Pages = {30},
	Section = {B},
	Title = {{Suppression of charged particle production at large transverse momentum in central Pb--Pb collisions at $\sqrt{s_{\rm{NN}}}=2.76$ TeV}},
	Volume = {696},
	Year = {2011},
	Bdsk-File-1 = {YnBsaXN0MDDUAQIDBAUGJCVYJHZlcnNpb25YJG9iamVjdHNZJGFyY2hpdmVyVCR0b3ASAAGGoKgHCBMUFRYaIVUkbnVsbNMJCgsMDxJXTlMua2V5c1pOUy5vYmplY3RzViRjbGFzc6INDoACgAOiEBGABIAFgAdccmVsYXRpdmVQYXRoWWFsaWFzRGF0YV8QPi4uLy4uLzIwMTIvZG9jdW1lbnRzL0dlbmVyYWwvMS1zMi4wLVMwMzcwMjY5MzEwMDEzOTczLW1haW4ucGRm0hcLGBlXTlMuZGF0YU8RAiIAAAAAAiIAAgAADE1hY2ludG9zaCBIRAAAAAAAAAAAAAAAAAAAANHf5jFIKwAAABOvXR8xLXMyLjAtUzAzNzAyNjkzMTAwMSMxM0FGNjUucGRmAAAAAAAAAAAAAAAAAAAAAAAAAAAAAAAAAAAAAAAAAAAAE69lzMBX1wAAAAAAAAAAAAIABAAACSAAAAAAAAAAAAAAAAAAAAAHR2VuZXJhbAAAEAAIAADR4B5xAAAAEQAIAADMwJ4nAAAAAQAgABOvXQATr04AE69MABOtRwATf8EAD2cuAA9m7gAPZqcAAgBsTWFjaW50b3NoIEhEOlVzZXJzOgBzYTYzOToARG9jdW1lbnRzOgBXb3JrOgBBTElDRToAMjAxMjoAZG9jdW1lbnRzOgBHZW5lcmFsOgAxLXMyLjAtUzAzNzAyNjkzMTAwMSMxM0FGNjUucGRmAA4ARAAhADEALQBzADIALgAwAC0AUwAwADMANwAwADIANgA5ADMAMQAwADAAMQAzADkANwAzAC0AbQBhAGkAbgAuAHAAZABmAA8AGgAMAE0AYQBjAGkAbgB0AG8AcwBoACAASABEABIAWVVzZXJzL3NhNjM5L0RvY3VtZW50cy9Xb3JrL0FMSUNFLzIwMTIvZG9jdW1lbnRzL0dlbmVyYWwvMS1zMi4wLVMwMzcwMjY5MzEwMDEzOTczLW1haW4ucGRmAAATAAEvAAAVAAIADP//AACABtIbHB0eWiRjbGFzc25hbWVYJGNsYXNzZXNdTlNNdXRhYmxlRGF0YaMdHyBWTlNEYXRhWE5TT2JqZWN00hscIiNcTlNEaWN0aW9uYXJ5oiIgXxAPTlNLZXllZEFyY2hpdmVy0SYnVHJvb3SAAQAIABEAGgAjAC0AMgA3AEAARgBNAFUAYABnAGoAbABuAHEAcwB1AHcAhACOAM8A1ADcAwIDBAMJAxQDHQMrAy8DNgM/A0QDUQNUA2YDaQNuAAAAAAAAAgEAAAAAAAAAKAAAAAAAAAAAAAAAAAAAA3A=},
	Bdsk-Url-1 = {http://www.sciencedirect.com/science/article/pii/S0370269310013973},
	Bdsk-Url-2 = {http://dx.doi.org/10.1016/j.physletb.2010.12.020}}

@article{CMS:2011b,
	Author = {S. Chatrchyan and others},
	Collaboration = {CMS Collaboration},
	Date-Added = {2012-11-07 18:49:33 +0000},
	Date-Modified = {2014-07-07 19:23:13 +0000},
	Journal = {Phys. Rev. Lett.},
	Keywords = {LHC, CMS, QGP, heavy-quark, bottom, quarkonia},
	Pages = {052302},
	Title = {Indications of Suppression of Excited $\Iupsilon$ States in Pb-Pb Collisions at $\sqrt{s_{\rm{NN}}}=2.76$ TeV},
	Volume = {107},
	Year = {2011},
	Bdsk-File-1 = {YnBsaXN0MDDUAQIDBAUGJCVYJHZlcnNpb25YJG9iamVjdHNZJGFyY2hpdmVyVCR0b3ASAAGGoKgHCBMUFRYaIVUkbnVsbNMJCgsMDxJXTlMua2V5c1pOUy5vYmplY3RzViRjbGFzc6INDoACgAOiEBGABIAFgAdccmVsYXRpdmVQYXRoWWFsaWFzRGF0YV8QNy4uLy4uLzIwMTIvZG9jdW1lbnRzL0dlbmVyYWwvUGh5c1JldkxldHQuMTA3LjA1MjMwMi5wZGbSFwsYGVdOUy5kYXRhTxECCAAAAAACCAACAAAMTWFjaW50b3NoIEhEAAAAAAAAAAAAAAAAAAAA0d/mMUgrAAAAE69dGlBoeXNSZXZMZXR0LjEwNy4wNTIzMDIucGRmAAAAAAAAAAAAAAAAAAAAAAAAAAAAAAAAAAAAAAAAAAAAAAAAAAATr5PMwDO6AAAAAAAAAAAAAgAEAAAJIAAAAAAAAAAAAAAAAAAAAAdHZW5lcmFsAAAQAAgAANHgHnEAAAARAAgAAMzAegoAAAABACAAE69dABOvTgATr0wAE61HABN/wQAPZy4AD2buAA9mpwACAGdNYWNpbnRvc2ggSEQ6VXNlcnM6AHNhNjM5OgBEb2N1bWVudHM6AFdvcms6AEFMSUNFOgAyMDEyOgBkb2N1bWVudHM6AEdlbmVyYWw6AFBoeXNSZXZMZXR0LjEwNy4wNTIzMDIucGRmAAAOADYAGgBQAGgAeQBzAFIAZQB2AEwAZQB0AHQALgAxADAANwAuADAANQAyADMAMAAyAC4AcABkAGYADwAaAAwATQBhAGMAaQBuAHQAbwBzAGgAIABIAEQAEgBSVXNlcnMvc2E2MzkvRG9jdW1lbnRzL1dvcmsvQUxJQ0UvMjAxMi9kb2N1bWVudHMvR2VuZXJhbC9QaHlzUmV2TGV0dC4xMDcuMDUyMzAyLnBkZgATAAEvAAAVAAIADP//AACABtIbHB0eWiRjbGFzc25hbWVYJGNsYXNzZXNdTlNNdXRhYmxlRGF0YaMdHyBWTlNEYXRhWE5TT2JqZWN00hscIiNcTlNEaWN0aW9uYXJ5oiIgXxAPTlNLZXllZEFyY2hpdmVy0SYnVHJvb3SAAQAIABEAGgAjAC0AMgA3AEAARgBNAFUAYABnAGoAbABuAHEAcwB1AHcAhACOAMgAzQDVAuEC4wLoAvMC/AMKAw4DFQMeAyMDMAMzA0UDSANNAAAAAAAAAgEAAAAAAAAAKAAAAAAAAAAAAAAAAAAAA08=}}

@article{CMS:2012f,
	Author = {Chatrchyan, S. and others},
	Collaboration = {CMS Collaboration},
	Date-Added = {2012-11-07 18:14:38 +0000},
	Date-Modified = {2014-07-07 20:15:31 +0000},
	Journal = {JHEP},
	Keywords = {LHC, CMS, QGP, heavy-quark, charm, bottom, quarkonia},
	Number = {63},
	Pages = {1},
	Title = {{Suppression of non-prompt J/$\Psi$, prompt J/$\Psi$, and $\Iupsilon$ (1S) in Pb--Pb collisions at $sqrt{s_{\rm{NN}}}=2.76$ TeV}},
	Volume = {5},
	Year = {2012}}

@article{WA97:1999,
	Author = {F. Antinori and others},
	Collabortation = {WA97},
	Date-Added = {2012-11-07 15:53:12 +0000},
	Date-Modified = {2014-07-07 18:19:25 +0000},
	Journal = {Nucl. Phys. A},
	Keywords = {QGP, SPS, strangeness},
	Pages = {130},
	Title = {{Production of strange and multistrange hadrons in nucleus--nucleus collisions at the SPS}},
	Volume = {661},
	Year = {1999}}

@article{Matsui:1986,
	Author = {Matsui, T. and Satz, H.},
	Date-Added = {2012-11-07 15:38:48 +0000},
	Date-Modified = {2014-07-07 18:19:15 +0000},
	Doi = {10.1016/0370-2693(86)91404-8},
	Journal = {Phys.Lett.},
	Keywords = {heavy-quark, QGP, theory},
	Pages = {416},
	Reportnumber = {BNL-38344},
	Slaccitation = {%%CITATION = PHLTA,B178,416;%%},
	Title = {{J/$\Psi$ Suppression by Quark-Gluon Plasma Formation}},
	Volume = {B178},
	Year = {1986},
	Bdsk-Url-1 = {http://dx.doi.org/10.1016/0370-2693(86)91404-8}}

@article{ATLAS:2012b,
	Author = {G. Aad and others},
	Collaboration = {ATLAS},
	Date-Added = {2012-11-07 15:21:00 +0000},
	Date-Modified = {2016-07-13 22:45:00 +0000},
	Doi = {10.1016/j.physletb.2012.08.020},
	Issn = {0370-2693},
	Journal = {Physics Letters B},
	Keywords = {LHC, ATLAS, Higgs,},
	Pages = {1},
	Title = {{Observation of a new particle in the search for the Standard Model Higgs boson with the ATLAS detector at the LHC}},
	Volume = {716},
	Year = {2012},
	Bdsk-Url-1 = {http://www.sciencedirect.com/science/article/pii/S037026931200857X},
	Bdsk-Url-2 = {http://dx.doi.org/10.1016/j.physletb.2012.08.020}}

@article{CMS:2012d,
	Author = {S. Chatrchyan and others},
	Collaboration = {CMS},
	Date-Added = {2012-11-07 15:18:56 +0000},
	Date-Modified = {2016-07-13 22:44:49 +0000},
	Doi = {10.1016/j.physletb.2012.08.021},
	Issn = {0370-2693},
	Journal = {Physics Letters B},
	Keywords = {LHC, CMS, Higgs},
	Pages = {30},
	Title = {{Observation of a new boson at a mass of 125 GeV with the CMS experiment at the LHC}},
	Volume = {716},
	Year = {2012},
	Bdsk-Url-1 = {http://www.sciencedirect.com/science/article/pii/S0370269312008581},
	Bdsk-Url-2 = {http://dx.doi.org/10.1016/j.physletb.2012.08.021}}

@article{Rafelski:1982,
	Author = {Rafelski, Johann and Muller, Berndt},
	Date-Added = {2012-11-07 15:12:39 +0000},
	Date-Modified = {2014-07-07 18:19:15 +0000},
	Doi = {10.1103/PhysRevLett.48.1066},
	Issue = {16},
	Journal = {Phys. Rev. Lett.},
	Keywords = {QGP, theory, strangeness},
	Month = {Apr},
	Pages = {1066},
	Publisher = {American Physical Society},
	Title = {Strangeness Production in the Quark-Gluon Plasma},
	Url = {http://link.aps.org/doi/10.1103/PhysRevLett.48.1066},
	Volume = {48},
	Year = {1982},
	Bdsk-Url-1 = {http://link.aps.org/doi/10.1103/PhysRevLett.48.1066},
	Bdsk-Url-2 = {http://dx.doi.org/10.1103/PhysRevLett.48.1066}}

@article{Bethke:2007,
	Author = {S. Bethke},
	Date-Added = {2012-11-07 11:42:46 +0000},
	Date-Modified = {2014-07-07 19:19:14 +0000},
	Doi = {10.1016/j.ppnp.2006.06.001},
	Issn = {0146-6410},
	Journal = {Progress in Particle and Nuclear Physics},
	Keywords = {QCD},
	Number = {2},
	Pages = {351 - 386},
	Title = {Experimental tests of asymptotic freedom},
	Url = {http://www.sciencedirect.com/science/article/pii/S0146641006000615},
	Volume = {58},
	Year = {2007},
	Bdsk-Url-1 = {http://www.sciencedirect.com/science/article/pii/S0146641006000615},
	Bdsk-Url-2 = {http://dx.doi.org/10.1016/j.ppnp.2006.06.001}}

@article{Miller:2007,
	Author = {Michael L. Miller and Klaus Reygers and Stephen J. Sanders and Peter Steinberg},
	Date-Added = {2012-11-07 00:39:25 +0000},
	Date-Modified = {2014-07-07 22:26:28 +0000},
	Journal = {Annual Review of Nuclear and Particle Science},
	Keywords = {theory, simulations},
	Number = {57},
	Pages = {205},
	Title = {Glauber Modeling in High-Energy Nuclear Collisions},
	Volume = {57},
	Year = {2007}}

@article{Cacciari:2008a,
	Abstract = {The area of a jet is a measure of its susceptibility to radiation, like pileup or underlying event (UE), that on average, in the jet's neighbourhood, is uniform in rapidity and azimuth. In this article we establish a theoretical grounding for the discussion of jet areas, introducing two main definitions, passive and active areas, which respectively characterise the sensitivity to pointlike or diffuse pileup and UE radiation. We investigate the properties of jet areas for three standard jet algorithms, k t , Cambridge/Aachen and SISCone. Passive areas for single-particle jets are equal to the naive geometrical expectation π R 2 , but acquire an anomalous dimension at higher orders in the coupling, calculated here at leading order. The more physically relevant active areas differ from π R 2 even for single-particle jets, substantially so in the case of the cone algorithms like SISCone with a Tevatron Run-II split-merge procedure. We compare our results with direct measures of areas in parton-shower Monte Carlo simulations and find good agreement with the main features of the analytical predictions. We furthermore justify the use of jet areas to subtract the contamination from pileup.},
	Author = {Matteo Cacciari and Gavin P. Salam and Gregory Soyez},
	Date-Added = {2012-11-01 17:01:39 +0000},
	Date-Modified = {2014-07-07 19:02:30 +0000},
	Journal = {Journal of High Energy Physics},
	Keywords = {jets, jet finding},
	Number = {0804},
	Pages = {0804},
	Title = {The catchment area of jets},
	Volume = {005},
	Year = {2008},
	Bdsk-File-1 = {YnBsaXN0MDDUAQIDBAUGJCVYJHZlcnNpb25YJG9iamVjdHNZJGFyY2hpdmVyVCR0b3ASAAGGoKgHCBMUFRYaIVUkbnVsbNMJCgsMDxJXTlMua2V5c1pOUy5vYmplY3RzViRjbGFzc6INDoACgAOiEBGABIAFgAdccmVsYXRpdmVQYXRoWWFsaWFzRGF0YV8QOi4uLy4uLzIwMTIvZG9jdW1lbnRzL0pldCBmaW5kaW5nLzExMjYtNjcwOF8yMDA4XzA0XzAwNS5wZGbSFwsYGVdOUy5kYXRhTxECEAAAAAACEAACAAAMTWFjaW50b3NoIEhEAAAAAAAAAAAAAAAAAAAA0d/mMUgrAAAAE6+lGTExMjYtNjcwOF8yMDA4XzA0XzAwNS5wZGYAAAAAAAAAAAAAAAAAAAAAAAAAAAAAAAAAAAAAAAAAAAAAAAAAAAATr6zMuCKtAAAAAAAAAAAAAgAEAAAJIAAAAAAAAAAAAAAAAAAAAAtKZXQgZmluZGluZwAAEAAIAADR4B5xAAAAEQAIAADMuFrtAAAAAQAgABOvpQATr04AE69MABOtRwATf8EAD2cuAA9m7gAPZqcAAgBqTWFjaW50b3NoIEhEOlVzZXJzOgBzYTYzOToARG9jdW1lbnRzOgBXb3JrOgBBTElDRToAMjAxMjoAZG9jdW1lbnRzOgBKZXQgZmluZGluZzoAMTEyNi02NzA4XzIwMDhfMDRfMDA1LnBkZgAOADQAGQAxADEAMgA2AC0ANgA3ADAAOABfADIAMAAwADgAXwAwADQAXwAwADAANQAuAHAAZABmAA8AGgAMAE0AYQBjAGkAbgB0AG8AcwBoACAASABEABIAVVVzZXJzL3NhNjM5L0RvY3VtZW50cy9Xb3JrL0FMSUNFLzIwMTIvZG9jdW1lbnRzL0pldCBmaW5kaW5nLzExMjYtNjcwOF8yMDA4XzA0XzAwNS5wZGYAABMAAS8AABUAAgAM//8AAIAG0hscHR5aJGNsYXNzbmFtZVgkY2xhc3Nlc11OU011dGFibGVEYXRhox0fIFZOU0RhdGFYTlNPYmplY3TSGxwiI1xOU0RpY3Rpb25hcnmiIiBfEA9OU0tleWVkQXJjaGl2ZXLRJidUcm9vdIABAAgAEQAaACMALQAyADcAQABGAE0AVQBgAGcAagBsAG4AcQBzAHUAdwCEAI4AywDQANgC7ALuAvMC/gMHAxUDGQMgAykDLgM7Az4DUANTA1gAAAAAAAACAQAAAAAAAAAoAAAAAAAAAAAAAAAAAAADWg==},
	Bdsk-Url-1 = {http://stacks.iop.org/1126-6708/2008/i=04/a=005}}

@article{Corcella:2002,
	Author = {G. Corcella and others},
	Date-Added = {2012-10-31 22:12:03 +0000},
	Date-Modified = {2014-07-07 22:26:28 +0000},
	Journal = {arXiv:hep-ph/0210213},
	Keywords = {simulations, theory},
	Title = {HERWIG 6.5 Release Note},
	Year = {2002}}

@article{Salam:2007,
	Abstract = {Current cone jet algorithms, widely used at hadron colliders, take event particles as seeds in an iterative search for stable cones. A longstanding infrared (IR) unsafety issue in such algorithms is often assumed to be solvable by adding extra `midpoint' seeds, but actually is just postponed to one order higher in the coupling. A proper solution is to switch to an exact seedless cone algorithm, one that provably identifies all stable cones. The only existing approach takes N 2 N time to find jets among N particles, making it unusable at hadron level. This can be reduced to N 2 ln N time, leading to code (SISCone) whose speed is similar to that of public midpoint implementations. Monte Carlo tests provide a strong cross-check of an analytical proof of the IR safety of the new algorithm, and the absence of any ` R sep ' issue implies a good practical correspondence between parton and hadron levels. Relative to a midpoint cone, the use of an IR safe seedless algorithm leads to modest changes for inclusive jet spectra, mostly through reduced sensitivity to the underlying event, and significant changes for some multi-jet observables.},
	Author = {Gavin P. Salam and Gr{\'e}gory Soyez},
	Date-Added = {2012-10-31 21:56:29 +0000},
	Date-Modified = {2014-07-07 18:55:51 +0000},
	Journal = {Journal of High Energy Physics},
	Keywords = {jets, jet finding},
	Number = {5},
	Pages = {1},
	Title = {A practical seedless infrared-safe cone jet algorithm},
	Url = {http://stacks.iop.org/1126-6708/2007/i=05/a=086},
	Volume = {86},
	Year = {2007},
	Bdsk-Url-1 = {http://stacks.iop.org/1126-6708/2007/i=05/a=086}}

@article{Cacciari:2011b,
	Archiveprefix = {arXiv},
	Author = {Cacciari, M. and Salam, G.P. and Soyez, G.},
	Date-Added = {2012-10-30 23:57:16 +0000},
	Date-Modified = {2014-07-07 19:21:54 +0000},
	Eprint = {1111.6097},
	Keywords = {jets, jet finding},
	Title = {FastJet 2.4.4 user manual},
	Year = {2011}}

@article{Ellis:1993,
	Author = {S. D. Ellis and D. E. Soper},
	Date-Added = {2012-10-30 23:30:53 +0000},
	Date-Modified = {2014-07-07 18:14:29 +0000},
	Journal = {Phys. Rev. D},
	Keywords = {jets, jet finding},
	Pages = {3160},
	Section = {D},
	Title = {Successive combination jet algorithm for hadron collisions},
	Volume = {48},
	Year = {1993}}

@article{Dokshitzer:1997,
	Author = {Dokshitzer, Y. L. and Leder, G. D. and Moretti, S. and B. R. Webber},
	Date-Added = {2012-10-30 23:27:18 +0000},
	Date-Modified = {2014-07-07 18:15:29 +0000},
	Journal = {JHEP},
	Keywords = {jets, jet finding},
	Pages = {001},
	Title = {Better Jet Clustering Algorithms},
	Volume = {9708},
	Year = {1997}}

@article{JADE:1986,
	Author = {Bartel W., Becker L., et al.},
	Collaboration = {JADE},
	Date-Added = {2012-10-30 23:12:57 +0000},
	Date-Modified = {2014-07-07 18:13:19 +0000},
	Doi = {10.1007/BF01410449},
	Issn = {0170-9739},
	Issue = {1},
	Journal = {Zeitschrift f{\"u}r Physik C Particles and Fields},
	Keywords = {jets},
	Language = {English},
	Pages = {23-31},
	Publisher = {Springer-Verlag},
	Title = {{Experimental studies on multijet production in $e^{+}-e^{-}$ annihilation at PETRA energies}},
	Url = {http://dx.doi.org/10.1007/BF01410449},
	Volume = {33},
	Year = {1986},
	Bdsk-Url-1 = {http://dx.doi.org/10.1007/BF01410449}}

@article{CDF:1999,
	Author = {G. C. Blazey and B. L. Flaugher},
	Date-Added = {2012-10-30 22:16:51 +0000},
	Date-Modified = {2014-07-07 19:22:14 +0000},
	Journal = {Ann. Rev. Nucl. Part. Sci.},
	Keywords = {Tevatron, CDF, pp, jets},
	Pages = {633},
	Title = {{Inclusive Jet and Dijet Production at the Tevatron}},
	Volume = {49},
	Year = {1999},
	Bdsk-File-1 = {YnBsaXN0MDDUAQIDBAUGJCVYJHZlcnNpb25YJG9iamVjdHNZJGFyY2hpdmVyVCR0b3ASAAGGoKgHCBMUFRYaIVUkbnVsbNMJCgsMDxJXTlMua2V5c1pOUy5vYmplY3RzViRjbGFzc6INDoACgAOiEBGABIAFgAdccmVsYXRpdmVQYXRoWWFsaWFzRGF0YV8QKi4uLy4uLzIwMTIvZG9jdW1lbnRzL0dlbmVyYWwvOTkwMzA1OHYxLnBkZtIXCxgZV05TLmRhdGFPEQHUAAAAAAHUAAIAAAxNYWNpbnRvc2ggSEQAAAAAAAAAAAAAAAAAAADR3+YxSCsAAAATr10NOTkwMzA1OHYxLnBkZgAAAAAAAAAAAAAAAAAAAAAAAAAAAAAAAAAAAAAAAAAAAAAAAAAAAAAAAAAAAAAAAAAAABOvfcy1ycQAAAAAAAAAAAACAAQAAAkgAAAAAAAAAAAAAAAAAAAAB0dlbmVyYWwAABAACAAA0eAecQAAABEACAAAzLYCBAAAAAEAIAATr10AE69OABOvTAATrUcAE3/BAA9nLgAPZu4AD2anAAIAWk1hY2ludG9zaCBIRDpVc2VyczoAc2E2Mzk6AERvY3VtZW50czoAV29yazoAQUxJQ0U6ADIwMTI6AGRvY3VtZW50czoAR2VuZXJhbDoAOTkwMzA1OHYxLnBkZgAOABwADQA5ADkAMAAzADAANQA4AHYAMQAuAHAAZABmAA8AGgAMAE0AYQBjAGkAbgB0AG8AcwBoACAASABEABIARVVzZXJzL3NhNjM5L0RvY3VtZW50cy9Xb3JrL0FMSUNFLzIwMTIvZG9jdW1lbnRzL0dlbmVyYWwvOTkwMzA1OHYxLnBkZgAAEwABLwAAFQACAAz//wAAgAbSGxwdHlokY2xhc3NuYW1lWCRjbGFzc2VzXU5TTXV0YWJsZURhdGGjHR8gVk5TRGF0YVhOU09iamVjdNIbHCIjXE5TRGljdGlvbmFyeaIiIF8QD05TS2V5ZWRBcmNoaXZlctEmJ1Ryb290gAEACAARABoAIwAtADIANwBAAEYATQBVAGAAZwBqAGwAbgBxAHMAdQB3AIQAjgC7AMAAyAKgAqICpwKyArsCyQLNAtQC3QLiAu8C8gMEAwcDDAAAAAAAAAIBAAAAAAAAACgAAAAAAAAAAAAAAAAAAAMO}}

@article{Weinberg:1977,
	Author = {Sterman, George and Weinberg, Steven},
	Date-Added = {2012-10-30 22:09:11 +0000},
	Date-Modified = {2014-07-07 18:12:43 +0000},
	Doi = {10.1103/PhysRevLett.39.1436},
	Issue = {23},
	Journal = {Phys. Rev. Lett.},
	Keywords = {jets, theory},
	Month = {Dec},
	Pages = {1436--1439},
	Publisher = {American Physical Society},
	Title = {Jets from Quantum Chromodynamics},
	Url = {http://link.aps.org/doi/10.1103/PhysRevLett.39.1436},
	Volume = {39},
	Year = {1977},
	Bdsk-File-1 = {YnBsaXN0MDDUAQIDBAUGJCVYJHZlcnNpb25YJG9iamVjdHNZJGFyY2hpdmVyVCR0b3ASAAGGoKgHCBMUFRYaIVUkbnVsbNMJCgsMDxJXTlMua2V5c1pOUy5vYmplY3RzViRjbGFzc6INDoACgAOiEBGABIAFgAdccmVsYXRpdmVQYXRoWWFsaWFzRGF0YV8QNC4uLy4uLzIwMTIvZG9jdW1lbnRzL0dlbmVyYWwvUGh5c1JldkxldHQuMzkuMTQzNi5wZGbSFwsYGVdOUy5kYXRhTxEB/AAAAAAB/AACAAAMTWFjaW50b3NoIEhEAAAAAAAAAAAAAAAAAAAA0d/mMUgrAAAAE69dF1BoeXNSZXZMZXR0LjM5LjE0MzYucGRmAAAAAAAAAAAAAAAAAAAAAAAAAAAAAAAAAAAAAAAAAAAAAAAAAAAAAAATr5bMci9cAAAAAAAAAAAAAgAEAAAJIAAAAAAAAAAAAAAAAAAAAAdHZW5lcmFsAAAQAAgAANHgHnEAAAARAAgAAMxyZ5wAAAABACAAE69dABOvTgATr0wAE61HABN/wQAPZy4AD2buAA9mpwACAGRNYWNpbnRvc2ggSEQ6VXNlcnM6AHNhNjM5OgBEb2N1bWVudHM6AFdvcms6AEFMSUNFOgAyMDEyOgBkb2N1bWVudHM6AEdlbmVyYWw6AFBoeXNSZXZMZXR0LjM5LjE0MzYucGRmAA4AMAAXAFAAaAB5AHMAUgBlAHYATABlAHQAdAAuADMAOQAuADEANAAzADYALgBwAGQAZgAPABoADABNAGEAYwBpAG4AdABvAHMAaAAgAEgARAASAE9Vc2Vycy9zYTYzOS9Eb2N1bWVudHMvV29yay9BTElDRS8yMDEyL2RvY3VtZW50cy9HZW5lcmFsL1BoeXNSZXZMZXR0LjM5LjE0MzYucGRmAAATAAEvAAAVAAIADP//AACABtIbHB0eWiRjbGFzc25hbWVYJGNsYXNzZXNdTlNNdXRhYmxlRGF0YaMdHyBWTlNEYXRhWE5TT2JqZWN00hscIiNcTlNEaWN0aW9uYXJ5oiIgXxAPTlNLZXllZEFyY2hpdmVy0SYnVHJvb3SAAQAIABEAGgAjAC0AMgA3AEAARgBNAFUAYABnAGoAbABuAHEAcwB1AHcAhACOAMUAygDSAtIC1ALZAuQC7QL7Av8DBgMPAxQDIQMkAzYDOQM+AAAAAAAAAgEAAAAAAAAAKAAAAAAAAAAAAAAAAAAAA0A=},
	Bdsk-Url-1 = {http://link.aps.org/doi/10.1103/PhysRevLett.39.1436},
	Bdsk-Url-2 = {http://dx.doi.org/10.1103/PhysRevLett.39.1436}}

@article{Hanson:1975,
	Author = {G. Hanson and G. S. Abrams and A. M. Boyarski and others},
	Date-Added = {2012-10-30 21:34:18 +0000},
	Date-Modified = {2014-07-07 18:12:19 +0000},
	Journal = {Physical Review Letters},
	Keywords = {jets},
	Month = {12},
	Number = {24},
	Pages = {1609-1612},
	Title = {{Evidence for Jet Structure in Hadron Production by $e^{+}-e^{-}$ Annihilation}},
	Volume = {35},
	Year = {1975},
	Bdsk-File-1 = {YnBsaXN0MDDUAQIDBAUGJCVYJHZlcnNpb25YJG9iamVjdHNZJGFyY2hpdmVyVCR0b3ASAAGGoKgHCBMUFRYaIVUkbnVsbNMJCgsMDxJXTlMua2V5c1pOUy5vYmplY3RzViRjbGFzc6INDoACgAOiEBGABIAFgAdccmVsYXRpdmVQYXRoWWFsaWFzRGF0YV8QNC4uLy4uLzIwMTIvZG9jdW1lbnRzL0dlbmVyYWwvUGh5c1JldkxldHQuMzUuMTYwOS5wZGbSFwsYGVdOUy5kYXRhTxEB/AAAAAAB/AACAAAMTWFjaW50b3NoIEhEAAAAAAAAAAAAAAAAAAAA0d/mMUgrAAAAE69dF1BoeXNSZXZMZXR0LjM1LjE2MDkucGRmAAAAAAAAAAAAAAAAAAAAAAAAAAAAAAAAAAAAAAAAAAAAAAAAAAAAAAATr5XMcjd9AAAAAAAAAAAAAgAEAAAJIAAAAAAAAAAAAAAAAAAAAAdHZW5lcmFsAAAQAAgAANHgHnEAAAARAAgAAMxyb70AAAABACAAE69dABOvTgATr0wAE61HABN/wQAPZy4AD2buAA9mpwACAGRNYWNpbnRvc2ggSEQ6VXNlcnM6AHNhNjM5OgBEb2N1bWVudHM6AFdvcms6AEFMSUNFOgAyMDEyOgBkb2N1bWVudHM6AEdlbmVyYWw6AFBoeXNSZXZMZXR0LjM1LjE2MDkucGRmAA4AMAAXAFAAaAB5AHMAUgBlAHYATABlAHQAdAAuADMANQAuADEANgAwADkALgBwAGQAZgAPABoADABNAGEAYwBpAG4AdABvAHMAaAAgAEgARAASAE9Vc2Vycy9zYTYzOS9Eb2N1bWVudHMvV29yay9BTElDRS8yMDEyL2RvY3VtZW50cy9HZW5lcmFsL1BoeXNSZXZMZXR0LjM1LjE2MDkucGRmAAATAAEvAAAVAAIADP//AACABtIbHB0eWiRjbGFzc25hbWVYJGNsYXNzZXNdTlNNdXRhYmxlRGF0YaMdHyBWTlNEYXRhWE5TT2JqZWN00hscIiNcTlNEaWN0aW9uYXJ5oiIgXxAPTlNLZXllZEFyY2hpdmVy0SYnVHJvb3SAAQAIABEAGgAjAC0AMgA3AEAARgBNAFUAYABnAGoAbABuAHEAcwB1AHcAhACOAMUAygDSAtIC1ALZAuQC7QL7Av8DBgMPAxQDIQMkAzYDOQM+AAAAAAAAAgEAAAAAAAAAKAAAAAAAAAAAAAAAAAAAA0A=}}

@article{Wang:1991,
	Author = {Wang, Xin-Nian and Gyulassy, Miklos},
	Date-Added = {2012-09-16 18:06:49 +0000},
	Date-Modified = {2014-07-07 22:26:28 +0000},
	Doi = {10.1103/PhysRevD.44.3501},
	Journal = {Phys.Rev.},
	Keywords = {theory, simulations, jets},
	Pages = {3501-3516},
	Reportnumber = {LBL-31036},
	Slaccitation = {%%CITATION = PHRVA,D44,3501;%%},
	Title = {{HIJING: A Monte Carlo model for multiple jet production in pp, pA and AA collisions}},
	Volume = {D44},
	Year = {1991},
	Bdsk-File-1 = {YnBsaXN0MDDUAQIDBAUGJCVYJHZlcnNpb25YJG9iamVjdHNZJGFyY2hpdmVyVCR0b3ASAAGGoKgHCBMUFRYaIVUkbnVsbNMJCgsMDxJXTlMua2V5c1pOUy5vYmplY3RzViRjbGFzc6INDoACgAOiEBGABIAFgAdccmVsYXRpdmVQYXRoWWFsaWFzRGF0YV8QMS4uLy4uLzIwMTIvZG9jdW1lbnRzL0dlbmVyYWwvUGh5c1JldkQuNDQuMzUwMS5wZGbSFwsYGVdOUy5kYXRhTxEB8AAAAAAB8AACAAAMTWFjaW50b3NoIEhEAAAAAAAAAAAAAAAAAAAA0d/mMUgrAAAAE69dFFBoeXNSZXZELjQ0LjM1MDEucGRmAAAAAAAAAAAAAAAAAAAAAAAAAAAAAAAAAAAAAAAAAAAAAAAAAAAAAAAAAAATr47Me42oAAAAAAAAAAAAAgAEAAAJIAAAAAAAAAAAAAAAAAAAAAdHZW5lcmFsAAAQAAgAANHgHnEAAAARAAgAAMx7xegAAAABACAAE69dABOvTgATr0wAE61HABN/wQAPZy4AD2buAA9mpwACAGFNYWNpbnRvc2ggSEQ6VXNlcnM6AHNhNjM5OgBEb2N1bWVudHM6AFdvcms6AEFMSUNFOgAyMDEyOgBkb2N1bWVudHM6AEdlbmVyYWw6AFBoeXNSZXZELjQ0LjM1MDEucGRmAAAOACoAFABQAGgAeQBzAFIAZQB2AEQALgA0ADQALgAzADUAMAAxAC4AcABkAGYADwAaAAwATQBhAGMAaQBuAHQAbwBzAGgAIABIAEQAEgBMVXNlcnMvc2E2MzkvRG9jdW1lbnRzL1dvcmsvQUxJQ0UvMjAxMi9kb2N1bWVudHMvR2VuZXJhbC9QaHlzUmV2RC40NC4zNTAxLnBkZgATAAEvAAAVAAIADP//AACABtIbHB0eWiRjbGFzc25hbWVYJGNsYXNzZXNdTlNNdXRhYmxlRGF0YaMdHyBWTlNEYXRhWE5TT2JqZWN00hscIiNcTlNEaWN0aW9uYXJ5oiIgXxAPTlNLZXllZEFyY2hpdmVy0SYnVHJvb3SAAQAIABEAGgAjAC0AMgA3AEAARgBNAFUAYABnAGoAbABuAHEAcwB1AHcAhACOAMIAxwDPAsMCxQLKAtUC3gLsAvAC9wMAAwUDEgMVAycDKgMvAAAAAAAAAgEAAAAAAAAAKAAAAAAAAAAAAAAAAAAAAzE=},
	Bdsk-Url-1 = {http://dx.doi.org/10.1103/PhysRevD.44.3501}}

@url{GEANT3-url,
	Date-Added = {2012-09-16 18:00:43 +0000},
	Date-Modified = {2014-07-07 22:26:36 +0000},
	Keywords = {simulations},
	Title = {GEANT3 webpage, http://wwwasd.web.cern.ch/wwwasd/geant/}}

@article{Sjostrand:2006,
	Author = {Sj{\"o}strand, T. and Mrenna, S. and Skands, P.},
	Date-Added = {2012-09-16 17:51:14 +0000},
	Date-Modified = {2014-07-07 22:26:28 +0000},
	Journal = {Journal of High Energy Physics},
	Keywords = {simulations, theory},
	Number = {26},
	Pages = {1-581},
	Publisher = {IOP Publishing},
	Title = {PYTHIA 6.4 physics and manual},
	Volume = {5},
	Year = {2006},
	Bdsk-File-1 = {YnBsaXN0MDDUAQIDBAUGJCVYJHZlcnNpb25YJG9iamVjdHNZJGFyY2hpdmVyVCR0b3ASAAGGoKgHCBMUFRYaIVUkbnVsbNMJCgsMDxJXTlMua2V5c1pOUy5vYmplY3RzViRjbGFzc6INDoACgAOiEBGABIAFgAdccmVsYXRpdmVQYXRoWWFsaWFzRGF0YV8QNi4uLy4uLzIwMTIvZG9jdW1lbnRzL0dlbmVyYWwvMTEyNi02NzA4XzIwMDZfMDVfMDI2LnBkZtIXCxgZV05TLmRhdGFPEQIEAAAAAAIEAAIAAAxNYWNpbnRvc2ggSEQAAAAAAAAAAAAAAAAAAADR3+YxSCsAAAATr10ZMTEyNi02NzA4XzIwMDZfMDVfMDI2LnBkZgAAAAAAAAAAAAAAAAAAAAAAAAAAAAAAAAAAAAAAAAAAAAAAAAAAABOvbsx7iWwAAAAAAAAAAAACAAQAAAkgAAAAAAAAAAAAAAAAAAAAB0dlbmVyYWwAABAACAAA0eAecQAAABEACAAAzHvBrAAAAAEAIAATr10AE69OABOvTAATrUcAE3/BAA9nLgAPZu4AD2anAAIAZk1hY2ludG9zaCBIRDpVc2VyczoAc2E2Mzk6AERvY3VtZW50czoAV29yazoAQUxJQ0U6ADIwMTI6AGRvY3VtZW50czoAR2VuZXJhbDoAMTEyNi02NzA4XzIwMDZfMDVfMDI2LnBkZgAOADQAGQAxADEAMgA2AC0ANgA3ADAAOABfADIAMAAwADYAXwAwADUAXwAwADIANgAuAHAAZABmAA8AGgAMAE0AYQBjAGkAbgB0AG8AcwBoACAASABEABIAUVVzZXJzL3NhNjM5L0RvY3VtZW50cy9Xb3JrL0FMSUNFLzIwMTIvZG9jdW1lbnRzL0dlbmVyYWwvMTEyNi02NzA4XzIwMDZfMDVfMDI2LnBkZgAAEwABLwAAFQACAAz//wAAgAbSGxwdHlokY2xhc3NuYW1lWCRjbGFzc2VzXU5TTXV0YWJsZURhdGGjHR8gVk5TRGF0YVhOU09iamVjdNIbHCIjXE5TRGljdGlvbmFyeaIiIF8QD05TS2V5ZWRBcmNoaXZlctEmJ1Ryb290gAEACAARABoAIwAtADIANwBAAEYATQBVAGAAZwBqAGwAbgBxAHMAdQB3AIQAjgDHAMwA1ALcAt4C4wLuAvcDBQMJAxADGQMeAysDLgNAA0MDSAAAAAAAAAIBAAAAAAAAACgAAAAAAAAAAAAAAAAAAANK}}

@article{CDF:2007,
	Author = {Abulencia, A. and Adelman, J. and Affolder, T. and Akimoto, T. and Albrow, MG and Ambrose, D. and Amerio, S. and Amidei, D. and Anastassov, A. and Anikeev, K. and others},
	Date-Added = {2012-08-25 20:09:20 +0000},
	Date-Modified = {2014-07-07 19:22:22 +0000},
	Journal = {Physical Review D},
	Keywords = {Tevatron, CDF, pp, jets},
	Number = {9},
	Pages = {092006},
	Publisher = {APS},
	Title = {{Measurement of the inclusive jet cross section using the $k_{\rm T}$ algorithm in pp collisions at $\sqrt{s}=1.96$ TeV with the CDF II detector}},
	Volume = {75},
	Year = {2007},
	Bdsk-File-1 = {YnBsaXN0MDDUAQIDBAUGJCVYJHZlcnNpb25YJG9iamVjdHNZJGFyY2hpdmVyVCR0b3ASAAGGoKgHCBMUFRYaIVUkbnVsbNMJCgsMDxJXTlMua2V5c1pOUy5vYmplY3RzViRjbGFzc6INDoACgAOiEBGABIAFgAdccmVsYXRpdmVQYXRoWWFsaWFzRGF0YV8QKC4uLy4uLzIwMTIvZG9jdW1lbnRzL0dlbmVyYWwvMDcwMTA1MS5wZGbSFwsYGVdOUy5kYXRhTxEBzAAAAAABzAACAAAMTWFjaW50b3NoIEhEAAAAAAAAAAAAAAAAAAAA0d/mMUgrAAAAE69dCzA3MDEwNTEucGRmAAAAAAAAAAAAAAAAAAAAAAAAAAAAAAAAAAAAAAAAAAAAAAAAAAAAAAAAAAAAAAAAAAAAAAATr2HMXqkIAAAAAAAAAAAAAgAEAAAJIAAAAAAAAAAAAAAAAAAAAAdHZW5lcmFsAAAQAAgAANHgHnEAAAARAAgAAMxe4UgAAAABACAAE69dABOvTgATr0wAE61HABN/wQAPZy4AD2buAA9mpwACAFhNYWNpbnRvc2ggSEQ6VXNlcnM6AHNhNjM5OgBEb2N1bWVudHM6AFdvcms6AEFMSUNFOgAyMDEyOgBkb2N1bWVudHM6AEdlbmVyYWw6ADA3MDEwNTEucGRmAA4AGAALADAANwAwADEAMAA1ADEALgBwAGQAZgAPABoADABNAGEAYwBpAG4AdABvAHMAaAAgAEgARAASAENVc2Vycy9zYTYzOS9Eb2N1bWVudHMvV29yay9BTElDRS8yMDEyL2RvY3VtZW50cy9HZW5lcmFsLzA3MDEwNTEucGRmAAATAAEvAAAVAAIADP//AACABtIbHB0eWiRjbGFzc25hbWVYJGNsYXNzZXNdTlNNdXRhYmxlRGF0YaMdHyBWTlNEYXRhWE5TT2JqZWN00hscIiNcTlNEaWN0aW9uYXJ5oiIgXxAPTlNLZXllZEFyY2hpdmVy0SYnVHJvb3SAAQAIABEAGgAjAC0AMgA3AEAARgBNAFUAYABnAGoAbABuAHEAcwB1AHcAhACOALkAvgDGApYCmAKdAqgCsQK/AsMCygLTAtgC5QLoAvoC/QMCAAAAAAAAAgEAAAAAAAAAKAAAAAAAAAAAAAAAAAAAAwQ=}}

@article{ALICE:2012a,
	Author = {Abelev, B. and others},
	Collaboration = {ALICE},
	Date-Added = {2012-08-25 19:42:17 +0000},
	Date-Modified = {2014-07-07 19:07:19 +0000},
	Journal = {JHEP},
	Keywords = {LHC, ALICE, QGP, jets},
	Number = {053},
	Pages = {053},
	Title = {{Measurement of Event Background Fluctuations for Charged Particle Jet Reconstruction in Pb--Pb collisions at $\sqrt{s_ {\mathrm {NN}}}=2.76$ TeV}},
	Volume = {1203},
	Year = {2012},
	Bdsk-File-1 = {YnBsaXN0MDDUAQIDBAUGJCVYJHZlcnNpb25YJG9iamVjdHNZJGFyY2hpdmVyVCR0b3ASAAGGoKgHCBMUFRYaIVUkbnVsbNMJCgsMDxJXTlMua2V5c1pOUy5vYmplY3RzViRjbGFzc6INDoACgAOiEBGABIAFgAdccmVsYXRpdmVQYXRoWWFsaWFzRGF0YV8QMS4uLy4uLzIwMTMvZG9jdW1lbnRzL0FMSUNFL1BhcGVycy8xMjAxLjI0MjN2MS5wZGbSFwsYGVdOUy5kYXRhTxEB6AAAAAAB6AACAAAMTWFjaW50b3NoIEhEAAAAAAAAAAAAAAAAAAAA0d/mMUgrAAAAE7CMDzEyMDEuMjQyM3YxLnBkZgAAAAAAAAAAAAAAAAAAAAAAAAAAAAAAAAAAAAAAAAAAAAAAAAAAAAAAAAAAAAAAAAATsI3L1lSKAAAAAAAAAAAAAgAFAAAJIAAAAAAAAAAAAAAAAAAAAAZQYXBlcnMAEAAIAADR4B5xAAAAEQAIAADL1ozKAAAAAQAkABOwjAATsIIAE7B+ABOwegATrUcAE3/BAA9nLgAPZu4AD2anAAIAYk1hY2ludG9zaCBIRDpVc2VyczoAc2E2Mzk6AERvY3VtZW50czoAV29yazoAQUxJQ0U6ADIwMTM6AGRvY3VtZW50czoAQUxJQ0U6AFBhcGVyczoAMTIwMS4yNDIzdjEucGRmAA4AIAAPADEAMgAwADEALgAyADQAMgAzAHYAMQAuAHAAZABmAA8AGgAMAE0AYQBjAGkAbgB0AG8AcwBoACAASABEABIATFVzZXJzL3NhNjM5L0RvY3VtZW50cy9Xb3JrL0FMSUNFLzIwMTMvZG9jdW1lbnRzL0FMSUNFL1BhcGVycy8xMjAxLjI0MjN2MS5wZGYAEwABLwAAFQACAAz//wAAgAbSGxwdHlokY2xhc3NuYW1lWCRjbGFzc2VzXU5TTXV0YWJsZURhdGGjHR8gVk5TRGF0YVhOU09iamVjdNIbHCIjXE5TRGljdGlvbmFyeaIiIF8QD05TS2V5ZWRBcmNoaXZlctEmJ1Ryb290gAEACAARABoAIwAtADIANwBAAEYATQBVAGAAZwBqAGwAbgBxAHMAdQB3AIQAjgDCAMcAzwK7Ar0CwgLNAtYC5ALoAu8C+AL9AwoDDQMfAyIDJwAAAAAAAAIBAAAAAAAAACgAAAAAAAAAAAAAAAAAAAMp}}

@proceedings{Cacciari:2009,
	Archiveprefix = {arXiv},
	Author = {Cacciari, M.},
	Date-Added = {2012-08-25 19:34:47 +0000},
	Date-Modified = {2014-07-07 19:21:04 +0000},
	Eprint = {0906.1598},
	Keywords = {jets, jet finding, underlying event},
	Title = {Recent Progress in Jet Algorithms and Their Impact in Underlying Event Studies},
	Year = {2009}}

@article{Cacciari:2011a,
	Author = {Cacciari, M. and Rojo, J. and Salam, G.P. and Soyez, G.},
	Date-Added = {2012-08-25 19:32:04 +0000},
	Date-Modified = {2014-07-07 19:21:45 +0000},
	Journal = {The European Physical Journal C},
	Keywords = {jets, jet finding, underlying event},
	Number = {1},
	Pages = {1--21},
	Publisher = {Springer},
	Section = {C},
	Title = {Jet reconstruction in heavy ion collisions},
	Volume = {71},
	Year = {2011},
	Bdsk-File-1 = {YnBsaXN0MDDUAQIDBAUGJCVYJHZlcnNpb25YJG9iamVjdHNZJGFyY2hpdmVyVCR0b3ASAAGGoKgHCBMUFRYaIVUkbnVsbNMJCgsMDxJXTlMua2V5c1pOUy5vYmplY3RzViRjbGFzc6INDoACgAOiEBGABIAFgAdccmVsYXRpdmVQYXRoWWFsaWFzRGF0YV8QLy4uLy4uLzIwMTIvZG9jdW1lbnRzL0JhY2tncm91bmQvMTAxMC4xNzU5djEucGRm0hcLGBlXTlMuZGF0YU8RAeQAAAAAAeQAAgAADE1hY2ludG9zaCBIRAAAAAAAAAAAAAAAAAAAANHf5jFIKwAAABOvUA8xMDEwLjE3NTl2MS5wZGYAAAAAAAAAAAAAAAAAAAAAAAAAAAAAAAAAAAAAAAAAAAAAAAAAAAAAAAAAAAAAAAAAE69VzF0VpwAAAAAAAAAAAAIABAAACSAAAAAAAAAAAAAAAAAAAAAKQmFja2dyb3VuZAAQAAgAANHgHnEAAAARAAgAAMxdTecAAAABACAAE69QABOvTgATr0wAE61HABN/wQAPZy4AD2buAA9mpwACAF9NYWNpbnRvc2ggSEQ6VXNlcnM6AHNhNjM5OgBEb2N1bWVudHM6AFdvcms6AEFMSUNFOgAyMDEyOgBkb2N1bWVudHM6AEJhY2tncm91bmQ6ADEwMTAuMTc1OXYxLnBkZgAADgAgAA8AMQAwADEAMAAuADEANwA1ADkAdgAxAC4AcABkAGYADwAaAAwATQBhAGMAaQBuAHQAbwBzAGgAIABIAEQAEgBKVXNlcnMvc2E2MzkvRG9jdW1lbnRzL1dvcmsvQUxJQ0UvMjAxMi9kb2N1bWVudHMvQmFja2dyb3VuZC8xMDEwLjE3NTl2MS5wZGYAEwABLwAAFQACAAz//wAAgAbSGxwdHlokY2xhc3NuYW1lWCRjbGFzc2VzXU5TTXV0YWJsZURhdGGjHR8gVk5TRGF0YVhOU09iamVjdNIbHCIjXE5TRGljdGlvbmFyeaIiIF8QD05TS2V5ZWRBcmNoaXZlctEmJ1Ryb290gAEACAARABoAIwAtADIANwBAAEYATQBVAGAAZwBqAGwAbgBxAHMAdQB3AIQAjgDAAMUAzQK1ArcCvALHAtAC3gLiAukC8gL3AwQDBwMZAxwDIQAAAAAAAAIBAAAAAAAAACgAAAAAAAAAAAAAAAAAAAMj}}

@article{Cacciari:2006,
	Author = {Cacciari, M. and Salam, G.P.},
	Date-Added = {2012-08-25 19:30:57 +0000},
	Date-Modified = {2014-07-07 18:55:05 +0000},
	Journal = {Physics Letters B},
	Keywords = {jets, jet finding},
	Number = {1},
	Pages = {57--61},
	Publisher = {Elsevier},
	Title = {Dispelling the $N^3$ myth for the $k_{\rm{T}}$ jet finder},
	Volume = {641},
	Year = {2006},
	Bdsk-File-1 = {YnBsaXN0MDDUAQIDBAUGJCVYJHZlcnNpb25YJG9iamVjdHNZJGFyY2hpdmVyVCR0b3ASAAGGoKgHCBMUFRYaIVUkbnVsbNMJCgsMDxJXTlMua2V5c1pOUy5vYmplY3RzViRjbGFzc6INDoACgAOiEBGABIAFgAdccmVsYXRpdmVQYXRoWWFsaWFzRGF0YV8QLi4uLy4uLzIwMTIvZG9jdW1lbnRzL0pldCBmaW5kaW5nLzA1MTIyMTB2Mi5wZGbSFwsYGVdOUy5kYXRhTxEB4AAAAAAB4AACAAAMTWFjaW50b3NoIEhEAAAAAAAAAAAAAAAAAAAA0d/mMUgrAAAAE6+lDTA1MTIyMTB2Mi5wZGYAAAAAAAAAAAAAAAAAAAAAAAAAAAAAAAAAAAAAAAAAAAAAAAAAAAAAAAAAAAAAAAAAAAATr6jMXRcTAAAAAAAAAAAAAgAEAAAJIAAAAAAAAAAAAAAAAAAAAAtKZXQgZmluZGluZwAAEAAIAADR4B5xAAAAEQAIAADMXU9TAAAAAQAgABOvpQATr04AE69MABOtRwATf8EAD2cuAA9m7gAPZqcAAgBeTWFjaW50b3NoIEhEOlVzZXJzOgBzYTYzOToARG9jdW1lbnRzOgBXb3JrOgBBTElDRToAMjAxMjoAZG9jdW1lbnRzOgBKZXQgZmluZGluZzoAMDUxMjIxMHYyLnBkZgAOABwADQAwADUAMQAyADIAMQAwAHYAMgAuAHAAZABmAA8AGgAMAE0AYQBjAGkAbgB0AG8AcwBoACAASABEABIASVVzZXJzL3NhNjM5L0RvY3VtZW50cy9Xb3JrL0FMSUNFLzIwMTIvZG9jdW1lbnRzL0pldCBmaW5kaW5nLzA1MTIyMTB2Mi5wZGYAABMAAS8AABUAAgAM//8AAIAG0hscHR5aJGNsYXNzbmFtZVgkY2xhc3Nlc11OU011dGFibGVEYXRhox0fIFZOU0RhdGFYTlNPYmplY3TSGxwiI1xOU0RpY3Rpb25hcnmiIiBfEA9OU0tleWVkQXJjaGl2ZXLRJidUcm9vdIABAAgAEQAaACMALQAyADcAQABGAE0AVQBgAGcAagBsAG4AcQBzAHUAdwCEAI4AvwDEAMwCsAKyArcCwgLLAtkC3QLkAu0C8gL/AwIDFAMXAxwAAAAAAAACAQAAAAAAAAAoAAAAAAAAAAAAAAAAAAADHg==}}

@article{Cacciari:2008c,
	Author = {Cacciari, M. and Salam, G.P. and Soyez, G.},
	Date-Added = {2012-08-25 19:30:26 +0000},
	Date-Modified = {2014-07-07 19:02:20 +0000},
	Journal = {JHEP},
	Keywords = {jets, jet finding},
	Number = {063},
	Pages = {063},
	Publisher = {IOP Publishing},
	Title = {{The anti-$k_{\rm{T}}$ jet clustering algorithm}},
	Volume = {04},
	Year = {2008},
	Bdsk-File-1 = {YnBsaXN0MDDUAQIDBAUGJCVYJHZlcnNpb25YJG9iamVjdHNZJGFyY2hpdmVyVCR0b3ASAAGGoKgHCBMUFRYaIVUkbnVsbNMJCgsMDxJXTlMua2V5c1pOUy5vYmplY3RzViRjbGFzc6INDoACgAOiEBGABIAFgAdccmVsYXRpdmVQYXRoWWFsaWFzRGF0YV8QMC4uLy4uLzIwMTIvZG9jdW1lbnRzL0pldCBmaW5kaW5nLzA4MDIuMTE4OXYyLnBkZtIXCxgZV05TLmRhdGFPEQHoAAAAAAHoAAIAAAxNYWNpbnRvc2ggSEQAAAAAAAAAAAAAAAAAAADR3+YxSCsAAAATr6UPMDgwMi4xMTg5djIucGRmAAAAAAAAAAAAAAAAAAAAAAAAAAAAAAAAAAAAAAAAAAAAAAAAAAAAAAAAAAAAAAAAABOvq8xdF10AAAAAAAAAAAACAAQAAAkgAAAAAAAAAAAAAAAAAAAAC0pldCBmaW5kaW5nAAAQAAgAANHgHnEAAAARAAgAAMxdT50AAAABACAAE6+lABOvTgATr0wAE61HABN/wQAPZy4AD2buAA9mpwACAGBNYWNpbnRvc2ggSEQ6VXNlcnM6AHNhNjM5OgBEb2N1bWVudHM6AFdvcms6AEFMSUNFOgAyMDEyOgBkb2N1bWVudHM6AEpldCBmaW5kaW5nOgAwODAyLjExODl2Mi5wZGYADgAgAA8AMAA4ADAAMgAuADEAMQA4ADkAdgAyAC4AcABkAGYADwAaAAwATQBhAGMAaQBuAHQAbwBzAGgAIABIAEQAEgBLVXNlcnMvc2E2MzkvRG9jdW1lbnRzL1dvcmsvQUxJQ0UvMjAxMi9kb2N1bWVudHMvSmV0IGZpbmRpbmcvMDgwMi4xMTg5djIucGRmAAATAAEvAAAVAAIADP//AACABtIbHB0eWiRjbGFzc25hbWVYJGNsYXNzZXNdTlNNdXRhYmxlRGF0YaMdHyBWTlNEYXRhWE5TT2JqZWN00hscIiNcTlNEaWN0aW9uYXJ5oiIgXxAPTlNLZXllZEFyY2hpdmVy0SYnVHJvb3SAAQAIABEAGgAjAC0AMgA3AEAARgBNAFUAYABnAGoAbABuAHEAcwB1AHcAhACOAMEAxgDOAroCvALBAswC1QLjAucC7gL3AvwDCQMMAx4DIQMmAAAAAAAAAgEAAAAAAAAAKAAAAAAAAAAAAAAAAAAAAyg=}}

@article{Cacciari:2008b,
	Author = {Cacciari, M. and Salam, G.P.},
	Date-Added = {2012-08-25 19:29:30 +0000},
	Date-Modified = {2014-07-07 19:21:11 +0000},
	Journal = {Physics Letters B},
	Keywords = {jets, jet finding, underlying event},
	Number = {1-2},
	Pages = {119--126},
	Publisher = {Elsevier},
	Section = {B},
	Title = {Pileup subtraction using jet areas},
	Volume = {659},
	Year = {2008},
	Bdsk-File-1 = {YnBsaXN0MDDUAQIDBAUGJCVYJHZlcnNpb25YJG9iamVjdHNZJGFyY2hpdmVyVCR0b3ASAAGGoKgHCBMUFRYaIVUkbnVsbNMJCgsMDxJXTlMua2V5c1pOUy5vYmplY3RzViRjbGFzc6INDoACgAOiEBGABIAFgAdccmVsYXRpdmVQYXRoWWFsaWFzRGF0YV8QLy4uLy4uLzIwMTIvZG9jdW1lbnRzL0JhY2tncm91bmQvMDcwNy4xMzc4djIucGRm0hcLGBlXTlMuZGF0YU8RAeQAAAAAAeQAAgAADE1hY2ludG9zaCBIRAAAAAAAAAAAAAAAAAAAANHf5jFIKwAAABOvUA8wNzA3LjEzNzh2Mi5wZGYAAAAAAAAAAAAAAAAAAAAAAAAAAAAAAAAAAAAAAAAAAAAAAAAAAAAAAAAAAAAAAAAAE69Ty97bXwAAAAAAAAAAAAIABAAACSAAAAAAAAAAAAAAAAAAAAAKQmFja2dyb3VuZAAQAAgAANHgHnEAAAARAAgAAMvfE58AAAABACAAE69QABOvTgATr0wAE61HABN/wQAPZy4AD2buAA9mpwACAF9NYWNpbnRvc2ggSEQ6VXNlcnM6AHNhNjM5OgBEb2N1bWVudHM6AFdvcms6AEFMSUNFOgAyMDEyOgBkb2N1bWVudHM6AEJhY2tncm91bmQ6ADA3MDcuMTM3OHYyLnBkZgAADgAgAA8AMAA3ADAANwAuADEAMwA3ADgAdgAyAC4AcABkAGYADwAaAAwATQBhAGMAaQBuAHQAbwBzAGgAIABIAEQAEgBKVXNlcnMvc2E2MzkvRG9jdW1lbnRzL1dvcmsvQUxJQ0UvMjAxMi9kb2N1bWVudHMvQmFja2dyb3VuZC8wNzA3LjEzNzh2Mi5wZGYAEwABLwAAFQACAAz//wAAgAbSGxwdHlokY2xhc3NuYW1lWCRjbGFzc2VzXU5TTXV0YWJsZURhdGGjHR8gVk5TRGF0YVhOU09iamVjdNIbHCIjXE5TRGljdGlvbmFyeaIiIF8QD05TS2V5ZWRBcmNoaXZlctEmJ1Ryb290gAEACAARABoAIwAtADIANwBAAEYATQBVAGAAZwBqAGwAbgBxAHMAdQB3AIQAjgDAAMUAzQK1ArcCvALHAtAC3gLiAukC8gL3AwQDBwMZAxwDIQAAAAAAAAIBAAAAAAAAACgAAAAAAAAAAAAAAAAAAAMj}}

@article{Cacciari:2010,
	Author = {Cacciari, M. and Salam, G.P. and Sapeta, S.},
	Date-Added = {2012-08-25 19:28:36 +0000},
	Date-Modified = {2014-07-07 19:20:58 +0000},
	Journal = {JHEP},
	Keywords = {underlying event},
	Number = {04},
	Pages = {04},
	Publisher = {Springer},
	Title = {On the characterisation of the underlying event},
	Volume = {065},
	Year = {2010},
	Bdsk-File-1 = {YnBsaXN0MDDUAQIDBAUGJCVYJHZlcnNpb25YJG9iamVjdHNZJGFyY2hpdmVyVCR0b3ASAAGGoKgHCBMUFRYaIVUkbnVsbNMJCgsMDxJXTlMua2V5c1pOUy5vYmplY3RzViRjbGFzc6INDoACgAOiEBGABIAFgAdccmVsYXRpdmVQYXRoWWFsaWFzRGF0YV8QLy4uLy4uLzIwMTIvZG9jdW1lbnRzL0JhY2tncm91bmQvMDkxMi40OTI2djIucGRm0hcLGBlXTlMuZGF0YU8RAeQAAAAAAeQAAgAADE1hY2ludG9zaCBIRAAAAAAAAAAAAAAAAAAAANHf5jFIKwAAABOvUA8wOTEyLjQ5MjZ2Mi5wZGYAAAAAAAAAAAAAAAAAAAAAAAAAAAAAAAAAAAAAAAAAAAAAAAAAAAAAAAAAAAAAAAAAE69UzF5xQgAAAAAAAAAAAAIABAAACSAAAAAAAAAAAAAAAAAAAAAKQmFja2dyb3VuZAAQAAgAANHgHnEAAAARAAgAAMxeqYIAAAABACAAE69QABOvTgATr0wAE61HABN/wQAPZy4AD2buAA9mpwACAF9NYWNpbnRvc2ggSEQ6VXNlcnM6AHNhNjM5OgBEb2N1bWVudHM6AFdvcms6AEFMSUNFOgAyMDEyOgBkb2N1bWVudHM6AEJhY2tncm91bmQ6ADA5MTIuNDkyNnYyLnBkZgAADgAgAA8AMAA5ADEAMgAuADQAOQAyADYAdgAyAC4AcABkAGYADwAaAAwATQBhAGMAaQBuAHQAbwBzAGgAIABIAEQAEgBKVXNlcnMvc2E2MzkvRG9jdW1lbnRzL1dvcmsvQUxJQ0UvMjAxMi9kb2N1bWVudHMvQmFja2dyb3VuZC8wOTEyLjQ5MjZ2Mi5wZGYAEwABLwAAFQACAAz//wAAgAbSGxwdHlokY2xhc3NuYW1lWCRjbGFzc2VzXU5TTXV0YWJsZURhdGGjHR8gVk5TRGF0YVhOU09iamVjdNIbHCIjXE5TRGljdGlvbmFyeaIiIF8QD05TS2V5ZWRBcmNoaXZlctEmJ1Ryb290gAEACAARABoAIwAtADIANwBAAEYATQBVAGAAZwBqAGwAbgBxAHMAdQB3AIQAjgDAAMUAzQK1ArcCvALHAtAC3gLiAukC8gL3AwQDBwMZAxwDIQAAAAAAAAIBAAAAAAAAACgAAAAAAAAAAAAAAAAAAAMj}}
