%% This BibTeX bibliography file was created using BibDesk.
%% http://bibdesk.sourceforge.net/


%% Created for Salvatore at 2012-11-19 15:00:19 +0100 


%% Saved with string encoding Unicode (UTF-8) 



@article{dijet-alice-12,
	Author = {Aamodt, K. and others},
	Collaboration = {ALICE Collaboration},
	Date-Added = {2012-11-14 16:29:57 +0000},
	Date-Modified = {2012-11-14 16:31:54 +0000},
	Doi = {10.1103/PhysRevLett.108.092301},
	Issue = {9},
	Journal = {Phys. Rev. Lett.},
	Month = {Mar},
	Numpages = {11},
	Pages = {092301},
	Publisher = {American Physical Society},
	Title = {Particle-Yield Modification in Jetlike Azimuthal Dihadron Correlations in Pb-Pb Collisions at $\sqrt{{s}_{\mathrm{NN}}}=2.76\text{\,}\text{\,}\mathrm{TeV}$},
	Volume = {108},
	Year = {2012},
	Bdsk-File-1 = {YnBsaXN0MDDUAQIDBAUIJidUJHRvcFgkb2JqZWN0c1gkdmVyc2lvblkkYXJjaGl2ZXLRBgdUcm9vdIABqAkKFRYXGyIjVSRudWxs0wsMDQ4RElpOUy5vYmplY3RzViRjbGFzc1dOUy5rZXlzog8QgASABoAHohMUgAKAA1lhbGlhc0RhdGFccmVsYXRpdmVQYXRo0hgMGRpXTlMuZGF0YU8RAigAAAAAAigAAgAADE1hY2ludG9zaCBIRAAAAAAAAAAAAAAAAAAAAMm337VIKwAAAzKP9hpQaHlzUmV2TGV0dC4xMDguMDkyMzAxLnBkZgAAAAAAAAAAAAAAAAAAAAAAAAAAAAAAAAAAAAAAAAAAAAAAAAADZ8H3zMmFrwAAAAAAAAAAAAQAAwAACSAAAAAAAAAAAAAAAAAAAAAHR2VuZXJhbAAAEAAIAADJt8OVAAAAEQAIAADMyXefAAAAAQAkAzKP9gJpl3ICApUfADl/vAAPdbEAD2V5AAhnXgAIZ1MAAJg6AAIAdk1hY2ludG9zaCBIRDpVc2VyczoAU2Fsdm86AERvY3VtZW50czoAVW5pdmVyc2l0YToAUmljZXJjYToAQUxJQ0U6ADIwMTI6AGRvY3VtZW50czoAR2VuZXJhbDoAUGh5c1JldkxldHQuMTA4LjA5MjMwMS5wZGYADgA2ABoAUABoAHkAcwBSAGUAdgBMAGUAdAB0AC4AMQAwADgALgAwADkAMgAzADAAMQAuAHAAZABmAA8AGgAMAE0AYQBjAGkAbgB0AG8AcwBoACAASABEABIAYFVzZXJzL3NhbHZvL0RvY3VtZW50cy9Vbml2ZXJzaXRhL1JpY2VyY2EvQUxJQ0UvMjAxMi9kb2N1bWVudHMvR2VuZXJhbC9QaHlzUmV2TGV0dC4xMDguMDkyMzAxLnBkZgATAAEvAAAVAAIADP//AACABdIcHR4fWCRjbGFzc2VzWiRjbGFzc25hbWWjHyAhXU5TTXV0YWJsZURhdGFWTlNEYXRhWE5TT2JqZWN0XxA4Li4vLi4vLi4vLi4vZG9jdW1lbnRzL0dlbmVyYWwvUGh5c1JldkxldHQuMTA4LjA5MjMwMS5wZGbSHB0kJaIlIVxOU0RpY3Rpb25hcnkSAAGGoF8QD05TS2V5ZWRBcmNoaXZlcgAIABEAFgAfACgAMgA1ADoAPABFAEsAUgBdAGQAbABvAHEAcwB1AHgAegB8AIYAkwCYAKACzALOAtMC3ALnAusC+QMAAwkDRANJA0wDWQNeAAAAAAAAAgEAAAAAAAAAKAAAAAAAAAAAAAAAAAAAA3A=},
	Bdsk-Url-1 = {http://link.aps.org/doi/10.1103/PhysRevLett.108.092301},
	Bdsk-Url-2 = {http://dx.doi.org/10.1103/PhysRevLett.108.092301}}

@article{hadrons-cms-12,
	Author = {Chatrchyan, S. and others},
	Collaboration = {CMS Collaboration},
	Date-Added = {2012-11-14 16:25:48 +0000},
	Date-Modified = {2012-11-14 16:26:30 +0000},
	Doi = {10.1140/epjc/s10052-012-1945-x},
	Issn = {1434-6044},
	Issue = {3},
	Journal = {The European Physical Journal C},
	Pages = {1-22},
	Publisher = {Springer-Verlag},
	Section = {C},
	Title = {Study of high-p T charged particle suppression in PbPb compared to pp collisions at \sqrt{s_{\mathrm{NN}}}=2.76~\mathrm{TeV}},
	Volume = {72},
	Year = {2012},
	Bdsk-Url-1 = {http://dx.doi.org/10.1140/epjc/s10052-012-1945-x}}

@article{phenix-05,
	Author = {K. Adcox and others},
	Collaboration = {PHENIX Collaboration},
	Date-Added = {2012-11-11 21:04:45 +0000},
	Date-Modified = {2012-11-14 15:07:54 +0000},
	Doi = {10.1016/j.nuclphysa.2005.03.086},
	Issn = {0375-9474},
	Journal = {Nuclear Physics A},
	Pages = {184 - 283},
	Section = {A},
	Title = {Formation of dense partonic matter in relativistic nucleus{\^a}€``nucleus collisions at RHIC: Experimental evaluation by the PHENIX Collaboration},
	Volume = {757},
	Year = {2005},
	Bdsk-Url-1 = {http://www.sciencedirect.com/science/article/pii/S0375947405005300},
	Bdsk-Url-2 = {http://dx.doi.org/10.1016/j.nuclphysa.2005.03.086}}

@article{star-05,
	Author = {J. Adams and others},
	Collaboration = {STAR Collaboration},
	Date-Added = {2012-11-11 21:02:34 +0000},
	Date-Modified = {2012-11-14 15:07:45 +0000},
	Doi = {10.1016/j.nuclphysa.2005.03.085},
	Issn = {0375-9474},
	Journal = {Nuclear Physics A},
	Pages = {102 - 183},
	Section = {A},
	Title = {Experimental and theoretical challenges in the search for the quark{\^a}€``gluon plasma: The STAR Collaboration's critical assessment of the evidence from RHIC collisions},
	Volume = {757},
	Year = {2005},
	Bdsk-Url-1 = {http://www.sciencedirect.com/science/article/pii/S0375947405005294},
	Bdsk-Url-2 = {http://dx.doi.org/10.1016/j.nuclphysa.2005.03.085}}

@article{flow-alice-10,
	Author = {Aamodt, K. and Abelev, B. and others [The ALICE Collaboration]},
	Collaboration = {ALICE Collaboration},
	Date-Added = {2012-11-10 15:22:14 +0000},
	Date-Modified = {2012-11-14 15:08:53 +0000},
	Doi = {10.1103/PhysRevLett.105.252302},
	Issue = {25},
	Journal = {Phys. Rev. Lett.},
	Month = {Dec},
	Numpages = {11},
	Pages = {252302},
	Publisher = {American Physical Society},
	Title = {Elliptic Flow of Charged Particles in Pb-Pb Collisions at $\sqrt{{s}_{NN}}=2.76\text{\,}\text{\,}\mathrm{TeV}$},
	Volume = {105},
	Year = {2010},
	Bdsk-File-1 = {YnBsaXN0MDDUAQIDBAUIJidUJHRvcFgkb2JqZWN0c1gkdmVyc2lvblkkYXJjaGl2ZXLRBgdUcm9vdIABqAkKFRYXGyIjVSRudWxs0wsMDQ4RElpOUy5vYmplY3RzViRjbGFzc1dOUy5rZXlzog8QgASABoAHohMUgAKAA1lhbGlhc0RhdGFccmVsYXRpdmVQYXRo0hgMGRpXTlMuZGF0YU8RAigAAAAAAigAAgAADE1hY2ludG9zaCBIRAAAAAAAAAAAAAAAAAAAAMm337VIKwAAAzKP9hpQaHlzUmV2TGV0dC4xMDUuMjUyMzAyLnBkZgAAAAAAAAAAAAAAAAAAAAAAAAAAAAAAAAAAAAAAAAAAAAAAAAADZWgizMQviQAAAAAAAAAAAAQAAwAACSAAAAAAAAAAAAAAAAAAAAAHR2VuZXJhbAAAEAAIAADJt8OVAAAAEQAIAADMxCF5AAAAAQAkAzKP9gJpl3ICApUfADl/vAAPdbEAD2V5AAhnXgAIZ1MAAJg6AAIAdk1hY2ludG9zaCBIRDpVc2VyczoAU2Fsdm86AERvY3VtZW50czoAVW5pdmVyc2l0YToAUmljZXJjYToAQUxJQ0U6ADIwMTI6AGRvY3VtZW50czoAR2VuZXJhbDoAUGh5c1JldkxldHQuMTA1LjI1MjMwMi5wZGYADgA2ABoAUABoAHkAcwBSAGUAdgBMAGUAdAB0AC4AMQAwADUALgAyADUAMgAzADAAMgAuAHAAZABmAA8AGgAMAE0AYQBjAGkAbgB0AG8AcwBoACAASABEABIAYFVzZXJzL3NhbHZvL0RvY3VtZW50cy9Vbml2ZXJzaXRhL1JpY2VyY2EvQUxJQ0UvMjAxMi9kb2N1bWVudHMvR2VuZXJhbC9QaHlzUmV2TGV0dC4xMDUuMjUyMzAyLnBkZgATAAEvAAAVAAIADP//AACABdIcHR4fWCRjbGFzc2VzWiRjbGFzc25hbWWjHyAhXU5TTXV0YWJsZURhdGFWTlNEYXRhWE5TT2JqZWN0XxA4Li4vLi4vLi4vLi4vZG9jdW1lbnRzL0dlbmVyYWwvUGh5c1JldkxldHQuMTA1LjI1MjMwMi5wZGbSHB0kJaIlIVxOU0RpY3Rpb25hcnkSAAGGoF8QD05TS2V5ZWRBcmNoaXZlcgAIABEAFgAfACgAMgA1ADoAPABFAEsAUgBdAGQAbABvAHEAcwB1AHgAegB8AIYAkwCYAKACzALOAtMC3ALnAusC+QMAAwkDRANJA0wDWQNeAAAAAAAAAgEAAAAAAAAAKAAAAAAAAAAAAAAAAAAAA3A=},
	Bdsk-Url-1 = {http://link.aps.org/doi/10.1103/PhysRevLett.105.252302},
	Bdsk-Url-2 = {http://dx.doi.org/10.1103/PhysRevLett.105.252302}}

@article{ma-12,
	Author = {R. Ma (for the ALICE Collaboration)},
	Date-Added = {2012-11-09 02:14:29 +0000},
	Date-Modified = {2012-11-14 10:36:14 +0000},
	Journal = {Arxiv preprint arXiv:1208.4537},
	Year = {2012}}

@url{roounfoldweb,
	Date-Added = {2012-11-09 01:23:02 +0000},
	Date-Modified = {2012-11-09 01:23:51 +0000},
	Title = {RooUnfold webpage, http://hepunx.rl.ac.uk/~adye/software/unfold/RooUnfold.html}}

@url{rootweb,
	Date-Added = {2012-11-09 01:22:11 +0000},
	Date-Modified = {2012-11-09 01:22:59 +0000},
	Title = {ROOT webpage, http://root.cern.ch/drupal/},
	Url = {http://root.cern.ch/drupal/},
	Bdsk-Url-1 = {http://root.cern.ch/drupal/}}

@article{bayes-dago-95,
	Author = {G. D'Agostini},
	Date-Added = {2012-11-09 01:19:50 +0000},
	Date-Modified = {2012-11-14 15:06:24 +0000},
	Journal = {NIM},
	Pages = {487},
	Section = {A},
	Title = {A multidimensional unfolding method based on Bayes' theorem},
	Volume = {362},
	Year = {1995},
	Bdsk-File-1 = {YnBsaXN0MDDUAQIDBAUIJidUJHRvcFgkb2JqZWN0c1gkdmVyc2lvblkkYXJjaGl2ZXLRBgdUcm9vdIABqAkKFRYXGyIjVSRudWxs0wsMDQ4RElpOUy5vYmplY3RzViRjbGFzc1dOUy5rZXlzog8QgASABoAHohMUgAKAA1lhbGlhc0RhdGFccmVsYXRpdmVQYXRo0hgMGRpXTlMuZGF0YU8RAkYAAAAAAkYAAgAADE1hY2ludG9zaCBIRAAAAAAAAAAAAAAAAAAAAMm337VIKwAAAzKP9R8xLXMyLjAtMDE2ODkwMDI5NTAwIzM1MDM1NTQucGRmAAAAAAAAAAAAAAAAAAAAAAAAAAAAAAAAAAAAAAAAAAADUDVUzJMqEgAAAAAAAAAAAAQAAwAACSAAAAAAAAAAAAAAAAAAAAAJVW5mb2xkaW5nAAAQAAgAAMm3w5UAAAARAAgAAMyTDfIAAAABACQDMo/1AmmXcgIClR8AOX+8AA91sQAPZXkACGdeAAhnUwAAmDoAAgB9TWFjaW50b3NoIEhEOlVzZXJzOgBTYWx2bzoARG9jdW1lbnRzOgBVbml2ZXJzaXRhOgBSaWNlcmNhOgBBTElDRToAMjAxMjoAZG9jdW1lbnRzOgBVbmZvbGRpbmc6ADEtczIuMC0wMTY4OTAwMjk1MDAjMzUwMzU1NC5wZGYAAA4AQgAgADEALQBzADIALgAwAC0AMAAxADYAOAA5ADAAMAAyADkANQAwADAAMgA3ADQAWAAtAG0AYQBpAG4ALgBwAGQAZgAPABoADABNAGEAYwBpAG4AdABvAHMAaAAgAEgARAASAGhVc2Vycy9zYWx2by9Eb2N1bWVudHMvVW5pdmVyc2l0YS9SaWNlcmNhL0FMSUNFLzIwMTIvZG9jdW1lbnRzL1VuZm9sZGluZy8xLXMyLjAtMDE2ODkwMDI5NTAwMjc0WC1tYWluLnBkZgATAAEvAAAVAAIADP//AACABdIcHR4fWCRjbGFzc2VzWiRjbGFzc25hbWWjHyAhXU5TTXV0YWJsZURhdGFWTlNEYXRhWE5TT2JqZWN0XxBALi4vLi4vLi4vLi4vZG9jdW1lbnRzL1VuZm9sZGluZy8xLXMyLjAtMDE2ODkwMDI5NTAwMjc0WC1tYWluLnBkZtIcHSQloiUhXE5TRGljdGlvbmFyeRIAAYagXxAPTlNLZXllZEFyY2hpdmVyAAgAEQAWAB8AKAAyADUAOgA8AEUASwBSAF0AZABsAG8AcQBzAHUAeAB6AHwAhgCTAJgAoALqAuwC8QL6AwUDCQMXAx4DJwNqA28DcgN/A4QAAAAAAAACAQAAAAAAAAAoAAAAAAAAAAAAAAAAAAADlg==}}

@article{jet-cms-11,
	Author = {Chatrchyan, S. and others},
	Collaboration = {CMS Collaboration},
	Date-Added = {2012-11-09 00:23:16 +0000},
	Date-Modified = {2012-11-14 15:09:33 +0000},
	Doi = {10.1103/PhysRevC.84.024906},
	Issue = {2},
	Journal = {Phys. Rev. C},
	Month = {Aug},
	Numpages = {26},
	Pages = {024906},
	Publisher = {American Physical Society},
	Section = {C},
	Title = {Observation and studies of jet quenching in PbPb collisions at $\sqrt{{s}_{NN}}=2.76$ TeV},
	Volume = {84},
	Year = {2011},
	Bdsk-File-1 = {YnBsaXN0MDDUAQIDBAUIJidUJHRvcFgkb2JqZWN0c1gkdmVyc2lvblkkYXJjaGl2ZXLRBgdUcm9vdIABqAkKFRYXGyIjVSRudWxs0wsMDQ4RElpOUy5vYmplY3RzViRjbGFzc1dOUy5rZXlzog8QgASABoAHohMUgAKAA1lhbGlhc0RhdGFccmVsYXRpdmVQYXRo0hgMGRpXTlMuZGF0YU8RAhgAAAAAAhgAAgAADE1hY2ludG9zaCBIRAAAAAAAAAAAAAAAAAAAAMm337VIKwAAAzKP9hZQaHlzUmV2Qy44NC4wMjQ5MDYucGRmAAAAAAAAAAAAAAAAAAAAAAAAAAAAAAAAAAAAAAAAAAAAAAAAAAAAAAADZOMEzMILlgAAAAAAAAAAAAQAAwAACSAAAAAAAAAAAAAAAAAAAAAHR2VuZXJhbAAAEAAIAADJt8OVAAAAEQAIAADMwf2GAAAAAQAkAzKP9gJpl3ICApUfADl/vAAPdbEAD2V5AAhnXgAIZ1MAAJg6AAIAck1hY2ludG9zaCBIRDpVc2VyczoAU2Fsdm86AERvY3VtZW50czoAVW5pdmVyc2l0YToAUmljZXJjYToAQUxJQ0U6ADIwMTI6AGRvY3VtZW50czoAR2VuZXJhbDoAUGh5c1JldkMuODQuMDI0OTA2LnBkZgAOAC4AFgBQAGgAeQBzAFIAZQB2AEMALgA4ADQALgAwADIANAA5ADAANgAuAHAAZABmAA8AGgAMAE0AYQBjAGkAbgB0AG8AcwBoACAASABEABIAXFVzZXJzL3NhbHZvL0RvY3VtZW50cy9Vbml2ZXJzaXRhL1JpY2VyY2EvQUxJQ0UvMjAxMi9kb2N1bWVudHMvR2VuZXJhbC9QaHlzUmV2Qy44NC4wMjQ5MDYucGRmABMAAS8AABUAAgAM//8AAIAF0hwdHh9YJGNsYXNzZXNaJGNsYXNzbmFtZaMfICFdTlNNdXRhYmxlRGF0YVZOU0RhdGFYTlNPYmplY3RfEDQuLi8uLi8uLi8uLi9kb2N1bWVudHMvR2VuZXJhbC9QaHlzUmV2Qy44NC4wMjQ5MDYucGRm0hwdJCWiJSFcTlNEaWN0aW9uYXJ5EgABhqBfEA9OU0tleWVkQXJjaGl2ZXIACAARABYAHwAoADIANQA6ADwARQBLAFIAXQBkAGwAbwBxAHMAdQB4AHoAfACGAJMAmACgArwCvgLDAswC1wLbAukC8AL5AzADNQM4A0UDSgAAAAAAAAIBAAAAAAAAACgAAAAAAAAAAAAAAAAAAANc},
	Bdsk-Url-1 = {http://link.aps.org/doi/10.1103/PhysRevC.84.024906},
	Bdsk-Url-2 = {http://dx.doi.org/10.1103/PhysRevC.84.024906}}

@article{dijet-atlas-10,
	Author = {Aad, G. and and others},
	Collaboration = {ATLAS Collaboration},
	Date-Added = {2012-11-09 00:04:20 +0000},
	Date-Modified = {2012-11-14 15:09:02 +0000},
	Doi = {10.1103/PhysRevLett.105.252303},
	Issue = {25},
	Journal = {Phys. Rev. Lett.},
	Month = {Dec},
	Numpages = {18},
	Pages = {252303},
	Publisher = {American Physical Society},
	Title = {Observation of a Centrality-Dependent Dijet Asymmetry in Lead-Lead Collisions at $\sqrt{{s}_{\mathrm{NN}}}=2.76\text{\,}\text{\,}\mathrm{TeV}$ with the ATLAS Detector at the LHC},
	Volume = {105},
	Year = {2010},
	Bdsk-File-1 = {YnBsaXN0MDDUAQIDBAUIJidUJHRvcFgkb2JqZWN0c1gkdmVyc2lvblkkYXJjaGl2ZXLRBgdUcm9vdIABqAkKFRYXGyIjVSRudWxs0wsMDQ4RElpOUy5vYmplY3RzViRjbGFzc1dOUy5rZXlzog8QgASABoAHohMUgAKAA1lhbGlhc0RhdGFccmVsYXRpdmVQYXRo0hgMGRpXTlMuZGF0YU8RAigAAAAAAigAAgAADE1hY2ludG9zaCBIRAAAAAAAAAAAAAAAAAAAAMm337VIKwAAAzKP9hpQaHlzUmV2TGV0dC4xMDUuMjUyMzAzLnBkZgAAAAAAAAAAAAAAAAAAAAAAAAAAAAAAAAAAAAAAAAAAAAAAAAADZOGHzMIGzgAAAAAAAAAAAAQAAwAACSAAAAAAAAAAAAAAAAAAAAAHR2VuZXJhbAAAEAAIAADJt8OVAAAAEQAIAADMwfi+AAAAAQAkAzKP9gJpl3ICApUfADl/vAAPdbEAD2V5AAhnXgAIZ1MAAJg6AAIAdk1hY2ludG9zaCBIRDpVc2VyczoAU2Fsdm86AERvY3VtZW50czoAVW5pdmVyc2l0YToAUmljZXJjYToAQUxJQ0U6ADIwMTI6AGRvY3VtZW50czoAR2VuZXJhbDoAUGh5c1JldkxldHQuMTA1LjI1MjMwMy5wZGYADgA2ABoAUABoAHkAcwBSAGUAdgBMAGUAdAB0AC4AMQAwADUALgAyADUAMgAzADAAMwAuAHAAZABmAA8AGgAMAE0AYQBjAGkAbgB0AG8AcwBoACAASABEABIAYFVzZXJzL3NhbHZvL0RvY3VtZW50cy9Vbml2ZXJzaXRhL1JpY2VyY2EvQUxJQ0UvMjAxMi9kb2N1bWVudHMvR2VuZXJhbC9QaHlzUmV2TGV0dC4xMDUuMjUyMzAzLnBkZgATAAEvAAAVAAIADP//AACABdIcHR4fWCRjbGFzc2VzWiRjbGFzc25hbWWjHyAhXU5TTXV0YWJsZURhdGFWTlNEYXRhWE5TT2JqZWN0XxA4Li4vLi4vLi4vLi4vZG9jdW1lbnRzL0dlbmVyYWwvUGh5c1JldkxldHQuMTA1LjI1MjMwMy5wZGbSHB0kJaIlIVxOU0RpY3Rpb25hcnkSAAGGoF8QD05TS2V5ZWRBcmNoaXZlcgAIABEAFgAfACgAMgA1ADoAPABFAEsAUgBdAGQAbABvAHEAcwB1AHgAegB8AIYAkwCYAKACzALOAtMC3ALnAusC+QMAAwkDRANJA0wDWQNeAAAAAAAAAgEAAAAAAAAAKAAAAAAAAAAAAAAAAAAAA3A=},
	Bdsk-Url-1 = {http://link.aps.org/doi/10.1103/PhysRevLett.105.252303},
	Bdsk-Url-2 = {http://dx.doi.org/10.1103/PhysRevLett.105.252303}}

@article{verweij-12,
	Author = {Marta Verweij (for the ALICE Collaboration)},
	Date-Added = {2012-11-08 23:55:37 +0000},
	Date-Modified = {2012-11-08 23:56:53 +0000},
	Journal = {arXiv:1210.8264v1},
	Title = {Measurement of jet spectra with charged particles in Pb-Pb collisions at sNN=2.76 TeV with the ALICE detector},
	Year = {2012}}

@article{jet-jacobs10,
	Author = {P.M. Jacobs for the STAR Collaboration},
	Date-Added = {2012-11-08 23:41:36 +0000},
	Date-Modified = {2012-11-10 16:38:24 +0000},
	Journal = {Arxiv preprint arXiv:1012.2406},
	Title = {Background Fluctuations in Heavy Ion Jet Reconstruction},
	Year = {2010}}

@article{jet-Ploskon09,
	Author = {M. Ploskon for the STAR Collaboration},
	Date-Added = {2012-11-08 23:27:31 +0000},
	Date-Modified = {2012-11-10 16:38:34 +0000},
	Doi = {10.1016/j.nuclphysa.2009.10.095},
	Issn = {0375-9474},
	Journal = {Nuclear Physics A},
	Number = {1-4},
	Pages = {255c - 258c},
	Title = {Inclusive cross section and correlations of fully reconstructed jets in Au + Au and collisions},
	Url = {http://www.sciencedirect.com/science/article/pii/S0375947409007507},
	Volume = {830},
	Year = {2009},
	Bdsk-Url-1 = {http://www.sciencedirect.com/science/article/pii/S0375947409007507},
	Bdsk-Url-2 = {http://dx.doi.org/10.1016/j.nuclphysa.2009.10.095}}

@article{ppr-emcal,
	Author = {Rene Bellwied},
	Collaboration = {for the ALICE EMCal Collaboration},
	Date-Added = {2012-11-08 16:18:58 +0000},
	Date-Modified = {2012-11-14 11:13:49 +0000},
	Journal = {Arxiv preprint arXiv:1008.0413},
	Title = {ALICE EMCal Physics Performance Report},
	Year = {2010},
	Bdsk-File-1 = {YnBsaXN0MDDUAQIDBAUIJidUJHRvcFgkb2JqZWN0c1gkdmVyc2lvblkkYXJjaGl2ZXLRBgdUcm9vdIABqAkKFRYXGyIjVSRudWxs0wsMDQ4RElpOUy5vYmplY3RzViRjbGFzc1dOUy5rZXlzog8QgASABoAHohMUgAKAA1lhbGlhc0RhdGFccmVsYXRpdmVQYXRo0hgMGRpXTlMuZGF0YU8RAf4AAAAAAf4AAgAADE1hY2ludG9zaCBIRAAAAAAAAAAAAAAAAAAAAMm337VIKwAAAzKP9g8xMDA4LjA0MTN2MS5wZGYAAAAAAAAAAAAAAAAAAAAAAAAAAAAAAAAAAAAAAAAAAAAAAAAAAAAAAAAAAAAAAAADZLbbzMG89wAAAAAAAAAAAAQAAwAACSAAAAAAAAAAAAAAAAAAAAAHR2VuZXJhbAAAEAAIAADJt8OVAAAAEQAIAADMwa7nAAAAAQAkAzKP9gJpl3ICApUfADl/vAAPdbEAD2V5AAhnXgAIZ1MAAJg6AAIAa01hY2ludG9zaCBIRDpVc2VyczoAU2Fsdm86AERvY3VtZW50czoAVW5pdmVyc2l0YToAUmljZXJjYToAQUxJQ0U6ADIwMTI6AGRvY3VtZW50czoAR2VuZXJhbDoAMTAwOC4wNDEzdjEucGRmAAAOACAADwAxADAAMAA4AC4AMAA0ADEAMwB2ADEALgBwAGQAZgAPABoADABNAGEAYwBpAG4AdABvAHMAaAAgAEgARAASAFVVc2Vycy9zYWx2by9Eb2N1bWVudHMvVW5pdmVyc2l0YS9SaWNlcmNhL0FMSUNFLzIwMTIvZG9jdW1lbnRzL0dlbmVyYWwvMTAwOC4wNDEzdjEucGRmAAATAAEvAAAVAAIADP//AACABdIcHR4fWCRjbGFzc2VzWiRjbGFzc25hbWWjHyAhXU5TTXV0YWJsZURhdGFWTlNEYXRhWE5TT2JqZWN0XxAtLi4vLi4vLi4vLi4vZG9jdW1lbnRzL0dlbmVyYWwvMTAwOC4wNDEzdjEucGRm0hwdJCWiJSFcTlNEaWN0aW9uYXJ5EgABhqBfEA9OU0tleWVkQXJjaGl2ZXIACAARABYAHwAoADIANQA6ADwARQBLAFIAXQBkAGwAbwBxAHMAdQB4AHoAfACGAJMAmACgAqICpAKpArICvQLBAs8C1gLfAw8DFAMXAyQDKQAAAAAAAAIBAAAAAAAAACgAAAAAAAAAAAAAAAAAAAM7}}

@article{alice-95,
	Date-Added = {2012-11-08 16:16:22 +0000},
	Date-Modified = {2012-11-08 16:17:36 +0000},
	Journal = {CERN/LHCC/95-71},
	Title = {ALICE Collaboration Technical Proposal},
	Year = {1995}}

@article{dcal-10,
	Author = {Allen, J and others},
	Date-Added = {2012-11-08 16:14:53 +0000},
	Date-Modified = {2012-11-14 10:31:30 +0000},
	Journal = {http://cdsweb.cern.ch/record/1272952},
	Title = {ALICE DCal: An Addendum to the EMCal Technical Design Report Di-Jet and Hadron-Jet correlation measurements in ALICE},
	Year = {2010}}

@article{alice-08,
	Author = {K. Aamodt and other},
	Collaboration = {ALICE Collaboration},
	Date-Added = {2012-11-08 13:43:47 +0000},
	Date-Modified = {2012-11-14 10:49:37 +0000},
	Journal = {Journal of Instrumentation},
	Pages = {S08002},
	Title = {The ALICE experiment at the CERN LHC},
	Volume = {3},
	Year = {2008},
	Bdsk-File-1 = {YnBsaXN0MDDUAQIDBAUIJidUJHRvcFgkb2JqZWN0c1gkdmVyc2lvblkkYXJjaGl2ZXLRBgdUcm9vdIABqAkKFRYXGyIjVSRudWxs0wsMDQ4RElpOUy5vYmplY3RzViRjbGFzc1dOUy5rZXlzog8QgASABoAHohMUgAKAA1lhbGlhc0RhdGFccmVsYXRpdmVQYXRo0hgMGRpXTlMuZGF0YU8RAiYAAAAAAiYAAgAADE1hY2ludG9zaCBIRAAAAAAAAAAAAAAAAAAAAMm337VIKwAAAzKP9hkxNzQ4LTAyMjFfM18wOF9TMDgwMDIucGRmAAAAAAAAAAAAAAAAAAAAAAAAAAAAAAAAAAAAAAAAAAAAAAAAAAADZJdAzMGO8AAAAAAAAAAAAAQAAwAACSAAAAAAAAAAAAAAAAAAAAAHR2VuZXJhbAAAEAAIAADJt8OVAAAAEQAIAADMwYDgAAAAAQAkAzKP9gJpl3ICApUfADl/vAAPdbEAD2V5AAhnXgAIZ1MAAJg6AAIAdU1hY2ludG9zaCBIRDpVc2VyczoAU2Fsdm86AERvY3VtZW50czoAVW5pdmVyc2l0YToAUmljZXJjYToAQUxJQ0U6ADIwMTI6AGRvY3VtZW50czoAR2VuZXJhbDoAMTc0OC0wMjIxXzNfMDhfUzA4MDAyLnBkZgAADgA0ABkAMQA3ADQAOAAtADAAMgAyADEAXwAzAF8AMAA4AF8AUwAwADgAMAAwADIALgBwAGQAZgAPABoADABNAGEAYwBpAG4AdABvAHMAaAAgAEgARAASAF9Vc2Vycy9zYWx2by9Eb2N1bWVudHMvVW5pdmVyc2l0YS9SaWNlcmNhL0FMSUNFLzIwMTIvZG9jdW1lbnRzL0dlbmVyYWwvMTc0OC0wMjIxXzNfMDhfUzA4MDAyLnBkZgAAEwABLwAAFQACAAz//wAAgAXSHB0eH1gkY2xhc3Nlc1okY2xhc3NuYW1lox8gIV1OU011dGFibGVEYXRhVk5TRGF0YVhOU09iamVjdF8QNy4uLy4uLy4uLy4uL2RvY3VtZW50cy9HZW5lcmFsLzE3NDgtMDIyMV8zXzA4X1MwODAwMi5wZGbSHB0kJaIlIVxOU0RpY3Rpb25hcnkSAAGGoF8QD05TS2V5ZWRBcmNoaXZlcgAIABEAFgAfACgAMgA1ADoAPABFAEsAUgBdAGQAbABvAHEAcwB1AHgAegB8AIYAkwCYAKACygLMAtEC2gLlAukC9wL+AwcDQQNGA0kDVgNbAAAAAAAAAgEAAAAAAAAAKAAAAAAAAAAAAAAAAAAAA20=}}

@article{ppb-cms,
	Author = {S. Chatrchyan and others},
	Collaboration = {CMS Collaboration},
	Date-Added = {2012-11-08 13:05:55 +0000},
	Date-Modified = {2012-11-14 10:35:46 +0000},
	Journal = {Arxiv preprint arXiv:1210.5482v2},
	Title = {Observation of long-range, near-side angular correlations in pPb collisions at the LHC},
	Year = {2012}}

@article{ppb-alice,
	Author = {Abelev, B. and others},
	Collaboration = {ALICE Collaboration},
	Date-Added = {2012-11-08 13:03:52 +0000},
	Date-Modified = {2012-11-14 10:36:08 +0000},
	Journal = {Arxiv preprint arXiv:1210.4520v1},
	Title = {Transverse Momentum Distribution and Nuclear Modification Factor of Charged Particles in p--Pb Collisions at \sqrt{s_{NN}} = 5.02 TeV},
	Year = {2012}}

@article{dijet-star-06,
	Author = {J. Adams and others},
	Collaboration = {STAR Collaboration},
	Date-Added = {2012-11-08 00:16:05 +0000},
	Date-Modified = {2012-11-14 10:39:56 +0000},
	Journal = {Phys. Rev. Lett.},
	Pages = {162301},
	Title = {Direct Observation of Dijets in Central Au--Au Collisions at \sqrt{s_{NN}}=200 GeV},
	Volume = {97},
	Year = {2006},
	Bdsk-File-1 = {YnBsaXN0MDDUAQIDBAUIJidUJHRvcFgkb2JqZWN0c1gkdmVyc2lvblkkYXJjaGl2ZXLRBgdUcm9vdIABqAkKFRYXGyIjVSRudWxs0wsMDQ4RElpOUy5vYmplY3RzViRjbGFzc1dOUy5rZXlzog8QgASABoAHohMUgAKAA1lhbGlhc0RhdGFccmVsYXRpdmVQYXRo0hgMGRpXTlMuZGF0YU8RAiYAAAAAAiYAAgAADE1hY2ludG9zaCBIRAAAAAAAAAAAAAAAAAAAAMm337VIKwAAAzKP9hlQaHlzUmV2TGV0dC45Ny4xNjIzMDEucGRmAAAAAAAAAAAAAAAAAAAAAAAAAAAAAAAAAAAAAAAAAAAAAAAAAAADZ4vBzMkxNwAAAAAAAAAAAAQAAwAACSAAAAAAAAAAAAAAAAAAAAAHR2VuZXJhbAAAEAAIAADJt8OVAAAAEQAIAADMySMnAAAAAQAkAzKP9gJpl3ICApUfADl/vAAPdbEAD2V5AAhnXgAIZ1MAAJg6AAIAdU1hY2ludG9zaCBIRDpVc2VyczoAU2Fsdm86AERvY3VtZW50czoAVW5pdmVyc2l0YToAUmljZXJjYToAQUxJQ0U6ADIwMTI6AGRvY3VtZW50czoAR2VuZXJhbDoAUGh5c1JldkxldHQuOTcuMTYyMzAxLnBkZgAADgA0ABkAUABoAHkAcwBSAGUAdgBMAGUAdAB0AC4AOQA3AC4AMQA2ADIAMwAwADEALgBwAGQAZgAPABoADABNAGEAYwBpAG4AdABvAHMAaAAgAEgARAASAF9Vc2Vycy9zYWx2by9Eb2N1bWVudHMvVW5pdmVyc2l0YS9SaWNlcmNhL0FMSUNFLzIwMTIvZG9jdW1lbnRzL0dlbmVyYWwvUGh5c1JldkxldHQuOTcuMTYyMzAxLnBkZgAAEwABLwAAFQACAAz//wAAgAXSHB0eH1gkY2xhc3Nlc1okY2xhc3NuYW1lox8gIV1OU011dGFibGVEYXRhVk5TRGF0YVhOU09iamVjdF8QNy4uLy4uLy4uLy4uL2RvY3VtZW50cy9HZW5lcmFsL1BoeXNSZXZMZXR0Ljk3LjE2MjMwMS5wZGbSHB0kJaIlIVxOU0RpY3Rpb25hcnkSAAGGoF8QD05TS2V5ZWRBcmNoaXZlcgAIABEAFgAfACgAMgA1ADoAPABFAEsAUgBdAGQAbABvAHEAcwB1AHgAegB8AIYAkwCYAKACygLMAtEC2gLlAukC9wL+AwcDQQNGA0kDVgNbAAAAAAAAAgEAAAAAAAAAKAAAAAAAAAAAAAAAAAAAA20=},
	Bdsk-Url-1 = {http://prl.aps.org/abstract/PRL/v97/i16/e162301}}

@article{hadrons-star-03,
	Author = {J. Adams and others},
	Collaboration = {STAR Collaboration},
	Date-Added = {2012-11-07 23:41:38 +0000},
	Date-Modified = {2012-11-14 10:27:10 +0000},
	Journal = {Phys. Rev. Lett.},
	Pages = {172302},
	Title = {Transverse-Momentum and Collision-Energy Dependence of High-pT Hadron Suppression in Au+Au Collisions at Ultrarelativistic Energies},
	Volume = {91},
	Year = {2003},
	Bdsk-File-1 = {YnBsaXN0MDDUAQIDBAUIJidUJHRvcFgkb2JqZWN0c1gkdmVyc2lvblkkYXJjaGl2ZXLRBgdUcm9vdIABqAkKFRYXGyIjVSRudWxs0wsMDQ4RElpOUy5vYmplY3RzViRjbGFzc1dOUy5rZXlzog8QgASABoAHohMUgAKAA1lhbGlhc0RhdGFccmVsYXRpdmVQYXRo0hgMGRpXTlMuZGF0YU8RAiYAAAAAAiYAAgAADE1hY2ludG9zaCBIRAAAAAAAAAAAAAAAAAAAAMm337VIKwAAAzKP9hlQaHlzUmV2TGV0dC45MS4xNzIzMDIucGRmAAAAAAAAAAAAAAAAAAAAAAAAAAAAAAAAAAAAAAAAAAAAAAAAAAADZ4sPzMkwdwAAAAAAAAAAAAQAAwAACSAAAAAAAAAAAAAAAAAAAAAHR2VuZXJhbAAAEAAIAADJt8OVAAAAEQAIAADMySJnAAAAAQAkAzKP9gJpl3ICApUfADl/vAAPdbEAD2V5AAhnXgAIZ1MAAJg6AAIAdU1hY2ludG9zaCBIRDpVc2VyczoAU2Fsdm86AERvY3VtZW50czoAVW5pdmVyc2l0YToAUmljZXJjYToAQUxJQ0U6ADIwMTI6AGRvY3VtZW50czoAR2VuZXJhbDoAUGh5c1JldkxldHQuOTEuMTcyMzAyLnBkZgAADgA0ABkAUABoAHkAcwBSAGUAdgBMAGUAdAB0AC4AOQAxAC4AMQA3ADIAMwAwADIALgBwAGQAZgAPABoADABNAGEAYwBpAG4AdABvAHMAaAAgAEgARAASAF9Vc2Vycy9zYWx2by9Eb2N1bWVudHMvVW5pdmVyc2l0YS9SaWNlcmNhL0FMSUNFLzIwMTIvZG9jdW1lbnRzL0dlbmVyYWwvUGh5c1JldkxldHQuOTEuMTcyMzAyLnBkZgAAEwABLwAAFQACAAz//wAAgAXSHB0eH1gkY2xhc3Nlc1okY2xhc3NuYW1lox8gIV1OU011dGFibGVEYXRhVk5TRGF0YVhOU09iamVjdF8QNy4uLy4uLy4uLy4uL2RvY3VtZW50cy9HZW5lcmFsL1BoeXNSZXZMZXR0LjkxLjE3MjMwMi5wZGbSHB0kJaIlIVxOU0RpY3Rpb25hcnkSAAGGoF8QD05TS2V5ZWRBcmNoaXZlcgAIABEAFgAfACgAMgA1ADoAPABFAEsAUgBdAGQAbABvAHEAcwB1AHgAegB8AIYAkwCYAKACygLMAtEC2gLlAukC9wL+AwcDQQNGA0kDVgNbAAAAAAAAAgEAAAAAAAAAKAAAAAAAAAAAAAAAAAAAA20=},
	Bdsk-Url-1 = {http://prl.aps.org/abstract/PRL/v91/i17/e172302}}

@article{hadrons-phenix-04,
	Author = {S.S. Adler and others},
	Collaboration = {PHENIX Collaboration},
	Date-Added = {2012-11-07 23:40:14 +0000},
	Date-Modified = {2012-11-14 11:03:18 +0000},
	Journal = {Phys. Rev. C},
	Pages = {034910},
	Section = {C},
	Title = {High-pT charged hadron suppression in Au+Au collisions at √sNN=200 GeV},
	Volume = {69},
	Year = {2004},
	Bdsk-File-1 = {YnBsaXN0MDDUAQIDBAUIJidUJHRvcFgkb2JqZWN0c1gkdmVyc2lvblkkYXJjaGl2ZXLRBgdUcm9vdIABqAkKFRYXGyIjVSRudWxs0wsMDQ4RElpOUy5vYmplY3RzViRjbGFzc1dOUy5rZXlzog8QgASABoAHohMUgAKAA1lhbGlhc0RhdGFccmVsYXRpdmVQYXRo0hgMGRpXTlMuZGF0YU8RAhgAAAAAAhgAAgAADE1hY2ludG9zaCBIRAAAAAAAAAAAAAAAAAAAAMm337VIKwAAAzKP9hZQaHlzUmV2Qy42OS4wMzQ5MTAucGRmAAAAAAAAAAAAAAAAAAAAAAAAAAAAAAAAAAAAAAAAAAAAAAAAAAAAAAADZ4qdzMkv+QAAAAAAAAAAAAQAAwAACSAAAAAAAAAAAAAAAAAAAAAHR2VuZXJhbAAAEAAIAADJt8OVAAAAEQAIAADMySHpAAAAAQAkAzKP9gJpl3ICApUfADl/vAAPdbEAD2V5AAhnXgAIZ1MAAJg6AAIAck1hY2ludG9zaCBIRDpVc2VyczoAU2Fsdm86AERvY3VtZW50czoAVW5pdmVyc2l0YToAUmljZXJjYToAQUxJQ0U6ADIwMTI6AGRvY3VtZW50czoAR2VuZXJhbDoAUGh5c1JldkMuNjkuMDM0OTEwLnBkZgAOAC4AFgBQAGgAeQBzAFIAZQB2AEMALgA2ADkALgAwADMANAA5ADEAMAAuAHAAZABmAA8AGgAMAE0AYQBjAGkAbgB0AG8AcwBoACAASABEABIAXFVzZXJzL3NhbHZvL0RvY3VtZW50cy9Vbml2ZXJzaXRhL1JpY2VyY2EvQUxJQ0UvMjAxMi9kb2N1bWVudHMvR2VuZXJhbC9QaHlzUmV2Qy42OS4wMzQ5MTAucGRmABMAAS8AABUAAgAM//8AAIAF0hwdHh9YJGNsYXNzZXNaJGNsYXNzbmFtZaMfICFdTlNNdXRhYmxlRGF0YVZOU0RhdGFYTlNPYmplY3RfEDQuLi8uLi8uLi8uLi9kb2N1bWVudHMvR2VuZXJhbC9QaHlzUmV2Qy42OS4wMzQ5MTAucGRm0hwdJCWiJSFcTlNEaWN0aW9uYXJ5EgABhqBfEA9OU0tleWVkQXJjaGl2ZXIACAARABYAHwAoADIANQA6ADwARQBLAFIAXQBkAGwAbwBxAHMAdQB4AHoAfACGAJMAmACgArwCvgLDAswC1wLbAukC8AL5AzADNQM4A0UDSgAAAAAAAAIBAAAAAAAAACgAAAAAAAAAAAAAAAAAAANc},
	Bdsk-Url-1 = {http://prc.aps.org/abstract/PRC/v69/i3/e034910}}

@article{hadrons-alice-10,
	Author = {K. Aamodt and others},
	Collaboration = {ALICE Collaboration},
	Date-Added = {2012-11-07 23:22:47 +0000},
	Date-Modified = {2012-11-14 15:09:17 +0000},
	Doi = {10.1016/j.physletb.2010.12.020},
	Issn = {0370-2693},
	Journal = {Physics Letters B},
	Pages = {30},
	Section = {B},
	Title = {Suppression of charged particle production at large transverse momentum in central Pb--Pb collisions at \sqrt{s_{NN}}=2.76 TeV},
	Volume = {696},
	Year = {2011},
	Bdsk-File-1 = {YnBsaXN0MDDUAQIDBAUIJidUJHRvcFgkb2JqZWN0c1gkdmVyc2lvblkkYXJjaGl2ZXLRBgdUcm9vdIABqAkKFRYXGyIjVSRudWxs0wsMDQ4RElpOUy5vYmplY3RzViRjbGFzc1dOUy5rZXlzog8QgASABoAHohMUgAKAA1lhbGlhc0RhdGFccmVsYXRpdmVQYXRo0hgMGRpXTlMuZGF0YU8RAkQAAAAAAkQAAgAADE1hY2ludG9zaCBIRAAAAAAAAAAAAAAAAAAAAMm337VIKwAAAzKP9h8xLXMyLjAtUzAzNzAyNjkzMTAwIzM2NDM3Q0QucGRmAAAAAAAAAAAAAAAAAAAAAAAAAAAAAAAAAAAAAAAAAAADZDfNzMCsNwAAAAAAAAAAAAQAAwAACSAAAAAAAAAAAAAAAAAAAAAHR2VuZXJhbAAAEAAIAADJt8OVAAAAEQAIAADMwJ4nAAAAAQAkAzKP9gJpl3ICApUfADl/vAAPdbEAD2V5AAhnXgAIZ1MAAJg6AAIAe01hY2ludG9zaCBIRDpVc2VyczoAU2Fsdm86AERvY3VtZW50czoAVW5pdmVyc2l0YToAUmljZXJjYToAQUxJQ0U6ADIwMTI6AGRvY3VtZW50czoAR2VuZXJhbDoAMS1zMi4wLVMwMzcwMjY5MzEwMCMzNjQzN0NELnBkZgAADgBEACEAMQAtAHMAMgAuADAALQBTADAAMwA3ADAAMgA2ADkAMwAxADAAMAAxADMAOQA3ADMALQBtAGEAaQBuAC4AcABkAGYADwAaAAwATQBhAGMAaQBuAHQAbwBzAGgAIABIAEQAEgBnVXNlcnMvc2Fsdm8vRG9jdW1lbnRzL1VuaXZlcnNpdGEvUmljZXJjYS9BTElDRS8yMDEyL2RvY3VtZW50cy9HZW5lcmFsLzEtczIuMC1TMDM3MDI2OTMxMDAxMzk3My1tYWluLnBkZgAAEwABLwAAFQACAAz//wAAgAXSHB0eH1gkY2xhc3Nlc1okY2xhc3NuYW1lox8gIV1OU011dGFibGVEYXRhVk5TRGF0YVhOU09iamVjdF8QPy4uLy4uLy4uLy4uL2RvY3VtZW50cy9HZW5lcmFsLzEtczIuMC1TMDM3MDI2OTMxMDAxMzk3My1tYWluLnBkZtIcHSQloiUhXE5TRGljdGlvbmFyeRIAAYagXxAPTlNLZXllZEFyY2hpdmVyAAgAEQAWAB8AKAAyADUAOgA8AEUASwBSAF0AZABsAG8AcQBzAHUAeAB6AHwAhgCTAJgAoALoAuoC7wL4AwMDBwMVAxwDJQNnA2wDbwN8A4EAAAAAAAACAQAAAAAAAAAoAAAAAAAAAAAAAAAAAAADkw==},
	Bdsk-Url-1 = {http://www.sciencedirect.com/science/article/pii/S0370269310013973},
	Bdsk-Url-2 = {http://dx.doi.org/10.1016/j.physletb.2010.12.020}}

@article{cern-00,
	Date-Added = {2012-11-07 23:05:07 +0000},
	Date-Modified = {2012-11-19 13:59:48 +0000},
	Journal = {\mbox{http://newstate-matter.web.cern.ch/newstate-matter/Science.html}},
	Year = {2000}}

@article{upsilon-cms-11,
	Author = {S. Chatrchyan and others},
	Collaboration = {CMS Collaboration},
	Date-Added = {2012-11-07 18:49:33 +0000},
	Date-Modified = {2012-11-14 10:33:43 +0000},
	Journal = {Phys. Rev. Lett.},
	Pages = {052302},
	Title = {Indications of Suppression of Excited Υ States in Pb-Pb Collisions at √sNN=2.76},
	Volume = {107},
	Year = {2011},
	Bdsk-File-1 = {YnBsaXN0MDDUAQIDBAUIJidUJHRvcFgkb2JqZWN0c1gkdmVyc2lvblkkYXJjaGl2ZXLRBgdUcm9vdIABqAkKFRYXGyIjVSRudWxs0wsMDQ4RElpOUy5vYmplY3RzViRjbGFzc1dOUy5rZXlzog8QgASABoAHohMUgAKAA1lhbGlhc0RhdGFccmVsYXRpdmVQYXRo0hgMGRpXTlMuZGF0YU8RAigAAAAAAigAAgAADE1hY2ludG9zaCBIRAAAAAAAAAAAAAAAAAAAAMm337VIKwAAAzKP9hpQaHlzUmV2TGV0dC4xMDcuMDUyMzAyLnBkZgAAAAAAAAAAAAAAAAAAAAAAAAAAAAAAAAAAAAAAAAAAAAAAAAADZCXszMCIGgAAAAAAAAAAAAQAAwAACSAAAAAAAAAAAAAAAAAAAAAHR2VuZXJhbAAAEAAIAADJt8OVAAAAEQAIAADMwHoKAAAAAQAkAzKP9gJpl3ICApUfADl/vAAPdbEAD2V5AAhnXgAIZ1MAAJg6AAIAdk1hY2ludG9zaCBIRDpVc2VyczoAU2Fsdm86AERvY3VtZW50czoAVW5pdmVyc2l0YToAUmljZXJjYToAQUxJQ0U6ADIwMTI6AGRvY3VtZW50czoAR2VuZXJhbDoAUGh5c1JldkxldHQuMTA3LjA1MjMwMi5wZGYADgA2ABoAUABoAHkAcwBSAGUAdgBMAGUAdAB0AC4AMQAwADcALgAwADUAMgAzADAAMgAuAHAAZABmAA8AGgAMAE0AYQBjAGkAbgB0AG8AcwBoACAASABEABIAYFVzZXJzL3NhbHZvL0RvY3VtZW50cy9Vbml2ZXJzaXRhL1JpY2VyY2EvQUxJQ0UvMjAxMi9kb2N1bWVudHMvR2VuZXJhbC9QaHlzUmV2TGV0dC4xMDcuMDUyMzAyLnBkZgATAAEvAAAVAAIADP//AACABdIcHR4fWCRjbGFzc2VzWiRjbGFzc25hbWWjHyAhXU5TTXV0YWJsZURhdGFWTlNEYXRhWE5TT2JqZWN0XxA4Li4vLi4vLi4vLi4vZG9jdW1lbnRzL0dlbmVyYWwvUGh5c1JldkxldHQuMTA3LjA1MjMwMi5wZGbSHB0kJaIlIVxOU0RpY3Rpb25hcnkSAAGGoF8QD05TS2V5ZWRBcmNoaXZlcgAIABEAFgAfACgAMgA1ADoAPABFAEsAUgBdAGQAbABvAHEAcwB1AHgAegB8AIYAkwCYAKACzALOAtMC3ALnAusC+QMAAwkDRANJA0wDWQNeAAAAAAAAAgEAAAAAAAAAKAAAAAAAAAAAAAAAAAAAA3A=}}

@article{jpsi-alice-11,
	Author = {G.Mart{\'\i}nez Garc{\'\i}a for the ALICE collaboration},
	Date-Added = {2012-11-07 18:19:11 +0000},
	Date-Modified = {2012-11-07 18:19:23 +0000},
	Journal = {arXiv:1106.5889v1},
	Year = {2011}}

@article{jpsi-cms-12,
	Author = {S. Chatrchyan others},
	Collaboration = {CMS Collaboration},
	Date-Added = {2012-11-07 18:14:38 +0000},
	Date-Modified = {2012-11-14 10:36:43 +0000},
	Journal = {JHEP},
	Number = {63},
	Pages = {1},
	Title = {Suppression of non-prompt J/ψ, prompt J/ψ, and Υ (1S) in PbPb collisions at sqrt(s_NN)=2.76 TeV},
	Volume = {5},
	Year = {2012}}

@article{na50-00,
	Author = {M.C. Abreu et al. [NA50 Collaboration]},
	Date-Added = {2012-11-07 16:15:11 +0000},
	Date-Modified = {2012-11-07 16:16:05 +0000},
	Journal = {Phys. Lett. B},
	Pages = {28},
	Volume = {477},
	Year = {2000}}

@article{na57-02,
	Author = {K. Fanebust et al. [NA57 Collaboration]},
	Date-Added = {2012-11-07 15:54:51 +0000},
	Date-Modified = {2012-11-07 16:15:16 +0000},
	Journal = {J. Phys. G},
	Pages = {1607},
	Volume = {28},
	Year = {2002}}

@article{wa97-99,
	Author = {F. Antinori et al. [WA97 Collaboration]},
	Date-Added = {2012-11-07 15:53:12 +0000},
	Date-Modified = {2012-11-07 15:54:13 +0000},
	Journal = {Nucl. Phys. A},
	Pages = {130},
	Title = {Production of strange and multistrange hadrons in nucleus---nucleus collisions at the SPS},
	Volume = {661},
	Year = {1999}}

@article{jpsi-86,
	Author = {Matsui, T. and Satz, H.},
	Date-Added = {2012-11-07 15:38:48 +0000},
	Date-Modified = {2012-11-07 15:38:57 +0000},
	Doi = {10.1016/0370-2693(86)91404-8},
	Journal = {Phys.Lett.},
	Pages = {416},
	Reportnumber = {BNL-38344},
	Slaccitation = {%%CITATION = PHLTA,B178,416;%%},
	Title = {{J/psi Suppression by Quark-Gluon Plasma Formation}},
	Volume = {B178},
	Year = {1986},
	Bdsk-Url-1 = {http://dx.doi.org/10.1016/0370-2693(86)91404-8}}

@article{higgs-atlas-12,
	Author = {G. Aad and others},
	Collaboration = {ATLAS Collaboration},
	Date-Added = {2012-11-07 15:21:00 +0000},
	Date-Modified = {2012-11-14 15:09:59 +0000},
	Doi = {10.1016/j.physletb.2012.08.020},
	Issn = {0370-2693},
	Journal = {Physics Letters B},
	Number = {1},
	Pages = {1},
	Title = {Observation of a new particle in the search for the Standard Model Higgs boson with the ATLAS detector at the LHC},
	Volume = {716},
	Year = {2012},
	Bdsk-Url-1 = {http://www.sciencedirect.com/science/article/pii/S037026931200857X},
	Bdsk-Url-2 = {http://dx.doi.org/10.1016/j.physletb.2012.08.020}}

@article{higgs-cms-12,
	Author = {S. Chatrchyan and others},
	Collaboration = {CMS Collaboration},
	Date-Added = {2012-11-07 15:18:56 +0000},
	Date-Modified = {2012-11-14 15:09:53 +0000},
	Doi = {10.1016/j.physletb.2012.08.021},
	Issn = {0370-2693},
	Journal = {Physics Letters B},
	Number = {1},
	Pages = {30},
	Title = {Observation of a new boson at a mass of 125 GeV with the CMS experiment at the LHC},
	Volume = {716},
	Year = {2012},
	Bdsk-Url-1 = {http://www.sciencedirect.com/science/article/pii/S0370269312008581},
	Bdsk-Url-2 = {http://dx.doi.org/10.1016/j.physletb.2012.08.021}}

@article{strange-82,
	Author = {Rafelski, Johann and M\"uller, Berndt},
	Date-Added = {2012-11-07 15:12:39 +0000},
	Date-Modified = {2012-11-07 15:12:58 +0000},
	Doi = {10.1103/PhysRevLett.48.1066},
	Issue = {16},
	Journal = {Phys. Rev. Lett.},
	Month = {Apr},
	Pages = {1066},
	Publisher = {American Physical Society},
	Title = {Strangeness Production in the Quark-Gluon Plasma},
	Url = {http://link.aps.org/doi/10.1103/PhysRevLett.48.1066},
	Volume = {48},
	Year = {1982},
	Bdsk-Url-1 = {http://link.aps.org/doi/10.1103/PhysRevLett.48.1066},
	Bdsk-Url-2 = {http://dx.doi.org/10.1103/PhysRevLett.48.1066}}

@article{alpha-07,
	Author = {S. Bethke},
	Date-Added = {2012-11-07 11:42:46 +0000},
	Date-Modified = {2012-11-07 11:42:57 +0000},
	Doi = {10.1016/j.ppnp.2006.06.001},
	Issn = {0146-6410},
	Journal = {Progress in Particle and Nuclear Physics},
	Number = {2},
	Pages = {351 - 386},
	Title = {Experimental tests of asymptotic freedom},
	Url = {http://www.sciencedirect.com/science/article/pii/S0146641006000615},
	Volume = {58},
	Year = {2007},
	Bdsk-Url-1 = {http://www.sciencedirect.com/science/article/pii/S0146641006000615},
	Bdsk-Url-2 = {http://dx.doi.org/10.1016/j.ppnp.2006.06.001}}

@article{glauber-07,
	Author = {Michael L. Miller and Klaus Reygers and Stephen J. Sanders and Peter Steinberg},
	Date-Added = {2012-11-07 00:39:25 +0000},
	Date-Modified = {2012-11-07 00:42:06 +0000},
	Journal = {Annual Review of Nuclear and Particle Science},
	Number = {57},
	Pages = {205},
	Title = {Glauber Modeling in High-Energy Nuclear Collisions},
	Volume = {57},
	Year = {2007}}

@article{cacciari-area-08,
	Abstract = {The area of a jet is a measure of its susceptibility to radiation, like pileup or underlying event (UE), that on average, in the jet's neighbourhood, is uniform in rapidity and azimuth. In this article we establish a theoretical grounding for the discussion of jet areas, introducing two main definitions, passive and active areas, which respectively characterise the sensitivity to pointlike or diffuse pileup and UE radiation. We investigate the properties of jet areas for three standard jet algorithms, k t , Cambridge/Aachen and SISCone. Passive areas for single-particle jets are equal to the naive geometrical expectation π R 2 , but acquire an anomalous dimension at higher orders in the coupling, calculated here at leading order. The more physically relevant active areas differ from π R 2 even for single-particle jets, substantially so in the case of the cone algorithms like SISCone with a Tevatron Run-II split-merge procedure. We compare our results with direct measures of areas in parton-shower Monte Carlo simulations and find good agreement with the main features of the analytical predictions. We furthermore justify the use of jet areas to subtract the contamination from pileup.},
	Author = {Matteo Cacciari and Gavin P. Salam and Gregory Soyez},
	Date-Added = {2012-11-01 17:01:39 +0000},
	Date-Modified = {2012-11-14 15:08:15 +0000},
	Journal = {Journal of High Energy Physics},
	Number = {0804},
	Pages = {0804},
	Title = {The catchment area of jets},
	Volume = {005},
	Year = {2008},
	Bdsk-File-1 = {YnBsaXN0MDDUAQIDBAUIJidUJHRvcFgkb2JqZWN0c1gkdmVyc2lvblkkYXJjaGl2ZXLRBgdUcm9vdIABqAkKFRYXGyIjVSRudWxs0wsMDQ4RElpOUy5vYmplY3RzViRjbGFzc1dOUy5rZXlzog8QgASABoAHohMUgAKAA1lhbGlhc0RhdGFccmVsYXRpdmVQYXRo0hgMGRpXTlMuZGF0YU8RAjIAAAAAAjIAAgAADE1hY2ludG9zaCBIRAAAAAAAAAAAAAAAAAAAAMm337VIKwAAAzKQABkxMTI2LTY3MDhfMjAwOF8wNF8wMDUucGRmAAAAAAAAAAAAAAAAAAAAAAAAAAAAAAAAAAAAAAAAAAAAAAAAAAADXn6IzLho/QAAAAAAAAAAAAQAAwAACSAAAAAAAAAAAAAAAAAAAAALSmV0IGZpbmRpbmcAABAACAAAybfDlQAAABEACAAAzLha7QAAAAEAJAMykAACaZdyAgKVHwA5f7wAD3WxAA9leQAIZ14ACGdTAACYOgACAHlNYWNpbnRvc2ggSEQ6VXNlcnM6AFNhbHZvOgBEb2N1bWVudHM6AFVuaXZlcnNpdGE6AFJpY2VyY2E6AEFMSUNFOgAyMDEyOgBkb2N1bWVudHM6AEpldCBmaW5kaW5nOgAxMTI2LTY3MDhfMjAwOF8wNF8wMDUucGRmAAAOADQAGQAxADEAMgA2AC0ANgA3ADAAOABfADIAMAAwADgAXwAwADQAXwAwADAANQAuAHAAZABmAA8AGgAMAE0AYQBjAGkAbgB0AG8AcwBoACAASABEABIAY1VzZXJzL3NhbHZvL0RvY3VtZW50cy9Vbml2ZXJzaXRhL1JpY2VyY2EvQUxJQ0UvMjAxMi9kb2N1bWVudHMvSmV0IGZpbmRpbmcvMTEyNi02NzA4XzIwMDhfMDRfMDA1LnBkZgAAEwABLwAAFQACAAz//wAAgAXSHB0eH1gkY2xhc3Nlc1okY2xhc3NuYW1lox8gIV1OU011dGFibGVEYXRhVk5TRGF0YVhOU09iamVjdF8QOy4uLy4uLy4uLy4uL2RvY3VtZW50cy9KZXQgZmluZGluZy8xMTI2LTY3MDhfMjAwOF8wNF8wMDUucGRm0hwdJCWiJSFcTlNEaWN0aW9uYXJ5EgABhqBfEA9OU0tleWVkQXJjaGl2ZXIACAARABYAHwAoADIANQA6ADwARQBLAFIAXQBkAGwAbwBxAHMAdQB4AHoAfACGAJMAmACgAtYC2ALdAuYC8QL1AwMDCgMTA1EDVgNZA2YDawAAAAAAAAIBAAAAAAAAACgAAAAAAAAAAAAAAAAAAAN9},
	Bdsk-Url-1 = {http://stacks.iop.org/1126-6708/2008/i=04/a=005}}

@article{herwig-02,
	Author = {G. Corcella and others},
	Date-Added = {2012-10-31 22:12:03 +0000},
	Date-Modified = {2012-10-31 22:12:50 +0000},
	Journal = {arXiv:hep-ph/0210213},
	Title = {HERWIG 6.5 Release Note},
	Year = {2002}}

@article{siscone-07,
	Abstract = {Current cone jet algorithms, widely used at hadron colliders, take event particles as seeds in an iterative search for stable cones. A longstanding infrared (IR) unsafety issue in such algorithms is often assumed to be solvable by adding extra `midpoint' seeds, but actually is just postponed to one order higher in the coupling. A proper solution is to switch to an exact seedless cone algorithm, one that provably identifies all stable cones. The only existing approach takes N 2 N time to find jets among N particles, making it unusable at hadron level. This can be reduced to N 2 ln N time, leading to code (SISCone) whose speed is similar to that of public midpoint implementations. Monte Carlo tests provide a strong cross-check of an analytical proof of the IR safety of the new algorithm, and the absence of any ` R sep ' issue implies a good practical correspondence between parton and hadron levels. Relative to a midpoint cone, the use of an IR safe seedless algorithm leads to modest changes for inclusive jet spectra, mostly through reduced sensitivity to the underlying event, and significant changes for some multi-jet observables.},
	Author = {Gavin P. Salam and Gr{\'e}gory Soyez},
	Date-Added = {2012-10-31 21:56:29 +0000},
	Date-Modified = {2012-10-31 21:57:20 +0000},
	Journal = {Journal of High Energy Physics},
	Number = {5},
	Pages = {1},
	Title = {A practical seedless infrared-safe cone jet algorithm},
	Url = {http://stacks.iop.org/1126-6708/2007/i=05/a=086},
	Volume = {86},
	Year = {2007},
	Bdsk-Url-1 = {http://stacks.iop.org/1126-6708/2007/i=05/a=086}}

@article{teva-00b,
	Author = {Gerald C. Blazey and Jay R. Dittmann and others},
	Date-Added = {2012-10-31 21:45:40 +0000},
	Date-Modified = {2012-10-31 21:47:35 +0000},
	Journal = {arXiv:hep-ex/0005012},
	Title = {Run II Jet Physics: Proceedings of the Run II QCD and Weak Boson Physics Workshop},
	Year = {2000},
	Bdsk-File-1 = {YnBsaXN0MDDUAQIDBAUIJidUJHRvcFgkb2JqZWN0c1gkdmVyc2lvblkkYXJjaGl2ZXLRBgdUcm9vdIABqAkKFRYXGyIjVSRudWxs0wsMDQ4RElpOUy5vYmplY3RzViRjbGFzc1dOUy5rZXlzog8QgASABoAHohMUgAKAA1lhbGlhc0RhdGFccmVsYXRpdmVQYXRo0hgMGRpXTlMuZGF0YU8RAgIAAAAAAgIAAgAADE1hY2ludG9zaCBIRAAAAAAAAAAAAAAAAAAAAMm337VIKwAAAzKQAA0wMDA1MDEydjIucGRmAAAAAAAAAAAAAAAAAAAAAAAAAAAAAAAAAAAAAAAAAAAAAAAAAAAAAAAAAAAAAAAAAAADXWbqzLYQ9AAAAAAAAAAAAAQAAwAACSAAAAAAAAAAAAAAAAAAAAALSmV0IGZpbmRpbmcAABAACAAAybfDlQAAABEACAAAzLYC5AAAAAEAJAMykAACaZdyAgKVHwA5f7wAD3WxAA9leQAIZ14ACGdTAACYOgACAG1NYWNpbnRvc2ggSEQ6VXNlcnM6AFNhbHZvOgBEb2N1bWVudHM6AFVuaXZlcnNpdGE6AFJpY2VyY2E6AEFMSUNFOgAyMDEyOgBkb2N1bWVudHM6AEpldCBmaW5kaW5nOgAwMDA1MDEydjIucGRmAAAOABwADQAwADAAMAA1ADAAMQAyAHYAMgAuAHAAZABmAA8AGgAMAE0AYQBjAGkAbgB0AG8AcwBoACAASABEABIAV1VzZXJzL3NhbHZvL0RvY3VtZW50cy9Vbml2ZXJzaXRhL1JpY2VyY2EvQUxJQ0UvMjAxMi9kb2N1bWVudHMvSmV0IGZpbmRpbmcvMDAwNTAxMnYyLnBkZgAAEwABLwAAFQACAAz//wAAgAXSHB0eH1gkY2xhc3Nlc1okY2xhc3NuYW1lox8gIV1OU011dGFibGVEYXRhVk5TRGF0YVhOU09iamVjdF8QLy4uLy4uLy4uLy4uL2RvY3VtZW50cy9KZXQgZmluZGluZy8wMDA1MDEydjIucGRm0hwdJCWiJSFcTlNEaWN0aW9uYXJ5EgABhqBfEA9OU0tleWVkQXJjaGl2ZXIACAARABYAHwAoADIANQA6ADwARQBLAFIAXQBkAGwAbwBxAHMAdQB4AHoAfACGAJMAmACgAqYCqAKtArYCwQLFAtMC2gLjAxUDGgMdAyoDLwAAAAAAAAIBAAAAAAAAACgAAAAAAAAAAAAAAAAAAANB}}

@article{fastjet-cacciari-11,
	Author = {Cacciari, M. and Salam, G.P. and Soyez, G.},
	Date-Added = {2012-10-30 23:57:16 +0000},
	Date-Modified = {2012-11-14 11:07:17 +0000},
	Journal = {Arxiv preprint arXiv:1111.6097},
	Title = {FastJet 2.4.4 user manual},
	Year = {2011}}

@article{kt-ellis-93,
	Author = {S. D. Ellis and D. E. Soper},
	Date-Added = {2012-10-30 23:30:53 +0000},
	Date-Modified = {2012-11-14 11:04:28 +0000},
	Journal = {Phys. Rev. D},
	Pages = {3160},
	Section = {D},
	Title = {Successive combination jet algorithm for hadron collisions},
	Volume = {48},
	Year = {1993}}

@article{better-97,
	Author = {Y. L. Dokshitzer, G. D. Leder, S. Moretti and B. R. Webber},
	Date-Added = {2012-10-30 23:27:18 +0000},
	Date-Modified = {2012-10-30 23:27:18 +0000},
	Journal = {JHEP},
	Pages = {001},
	Title = {Better Jet Clustering Algorithms},
	Volume = {9708},
	Year = {1997}}

@article{jade-86,
	Author = {Bartel and W. and Becker and L. and others [The JADE Collaboration]},
	Date-Added = {2012-10-30 23:12:57 +0000},
	Date-Modified = {2012-10-30 23:15:25 +0000},
	Doi = {10.1007/BF01410449},
	Issn = {0170-9739},
	Issue = {1},
	Journal = {Zeitschrift f{\"u}r Physik C Particles and Fields},
	Language = {English},
	Pages = {23-31},
	Publisher = {Springer-Verlag},
	Title = {Experimental studies on multijet production ine + e − annihilation at PETRA energies},
	Url = {http://dx.doi.org/10.1007/BF01410449},
	Volume = {33},
	Year = {1986},
	Bdsk-Url-1 = {http://dx.doi.org/10.1007/BF01410449}}

@article{teva-00,
	Author = {Gerald C. Blazey and Jay R. Dittmann and Stephen D. Ellis and V. Daniel Elvira and K. Frame and S. Grinstein and Robert Hirosky and R. Piegaia and H. Schellman and R. Snihur and V.Sorin and Dieter Zeppenfeld},
	Date-Added = {2012-10-30 22:20:15 +0000},
	Date-Modified = {2012-10-30 22:21:59 +0000},
	Journal = {Physical Review D},
	Pages = {1448},
	Title = {Run II Jet Physics: Proceedings of the Run II QCD and Weak Boson Physics Workshop},
	Volume = {45},
	Year = {2000}}

@article{cdf-99,
	Author = {G. C. Blazey and B. L. Flaugher},
	Date-Added = {2012-10-30 22:16:51 +0000},
	Date-Modified = {2012-10-30 22:17:54 +0000},
	Journal = {Ann. Rev. Nucl. Part. Sci.},
	Pages = {633},
	Title = {Inclusive Jet and Dijet Production at the Tevatron},
	Volume = {49},
	Year = {1999},
	Bdsk-File-1 = {YnBsaXN0MDDUAQIDBAUIJidUJHRvcFgkb2JqZWN0c1gkdmVyc2lvblkkYXJjaGl2ZXLRBgdUcm9vdIABqAkKFRYXGyIjVSRudWxs0wsMDQ4RElpOUy5vYmplY3RzViRjbGFzc1dOUy5rZXlzog8QgASABoAHohMUgAKAA1lhbGlhc0RhdGFccmVsYXRpdmVQYXRo0hgMGRpXTlMuZGF0YU8RAfYAAAAAAfYAAgAADE1hY2ludG9zaCBIRAAAAAAAAAAAAAAAAAAAAMm337VIKwAAAzKP9g05OTAzMDU4djEucGRmAAAAAAAAAAAAAAAAAAAAAAAAAAAAAAAAAAAAAAAAAAAAAAAAAAAAAAAAAAAAAAAAAAADXWaczLYQFAAAAAAAAAAAAAQAAwAACSAAAAAAAAAAAAAAAAAAAAAHR2VuZXJhbAAAEAAIAADJt8OVAAAAEQAIAADMtgIEAAAAAQAkAzKP9gJpl3ICApUfADl/vAAPdbEAD2V5AAhnXgAIZ1MAAJg6AAIAaU1hY2ludG9zaCBIRDpVc2VyczoAU2Fsdm86AERvY3VtZW50czoAVW5pdmVyc2l0YToAUmljZXJjYToAQUxJQ0U6ADIwMTI6AGRvY3VtZW50czoAR2VuZXJhbDoAOTkwMzA1OHYxLnBkZgAADgAcAA0AOQA5ADAAMwAwADUAOAB2ADEALgBwAGQAZgAPABoADABNAGEAYwBpAG4AdABvAHMAaAAgAEgARAASAFNVc2Vycy9zYWx2by9Eb2N1bWVudHMvVW5pdmVyc2l0YS9SaWNlcmNhL0FMSUNFLzIwMTIvZG9jdW1lbnRzL0dlbmVyYWwvOTkwMzA1OHYxLnBkZgAAEwABLwAAFQACAAz//wAAgAXSHB0eH1gkY2xhc3Nlc1okY2xhc3NuYW1lox8gIV1OU011dGFibGVEYXRhVk5TRGF0YVhOU09iamVjdF8QKy4uLy4uLy4uLy4uL2RvY3VtZW50cy9HZW5lcmFsLzk5MDMwNTh2MS5wZGbSHB0kJaIlIVxOU0RpY3Rpb25hcnkSAAGGoF8QD05TS2V5ZWRBcmNoaXZlcgAIABEAFgAfACgAMgA1ADoAPABFAEsAUgBdAGQAbABvAHEAcwB1AHgAegB8AIYAkwCYAKACmgKcAqECqgK1ArkCxwLOAtcDBQMKAw0DGgMfAAAAAAAAAgEAAAAAAAAAKAAAAAAAAAAAAAAAAAAAAzE=}}

@article{weinberg-77,
	Author = {Sterman, George and Weinberg, Steven},
	Date-Added = {2012-10-30 22:09:11 +0000},
	Date-Modified = {2012-10-30 22:09:30 +0000},
	Doi = {10.1103/PhysRevLett.39.1436},
	Issue = {23},
	Journal = {Phys. Rev. Lett.},
	Month = {Dec},
	Pages = {1436--1439},
	Publisher = {American Physical Society},
	Title = {Jets from Quantum Chromodynamics},
	Url = {http://link.aps.org/doi/10.1103/PhysRevLett.39.1436},
	Volume = {39},
	Year = {1977},
	Bdsk-File-1 = {YnBsaXN0MDDUAQIDBAUIJidUJHRvcFgkb2JqZWN0c1gkdmVyc2lvblkkYXJjaGl2ZXLRBgdUcm9vdIABqAkKFRYXGyIjVSRudWxs0wsMDQ4RElpOUy5vYmplY3RzViRjbGFzc1dOUy5rZXlzog8QgASABoAHohMUgAKAA1lhbGlhc0RhdGFccmVsYXRpdmVQYXRo0hgMGRpXTlMuZGF0YU8RAh4AAAAAAh4AAgAADE1hY2ludG9zaCBIRAAAAAAAAAAAAAAAAAAAAMm337VIKwAAAzKP9hdQaHlzUmV2TGV0dC4zOS4xNDM2LnBkZgAAAAAAAAAAAAAAAAAAAAAAAAAAAAAAAAAAAAAAAAAAAAAAAAAAAAADPP7PzHKDvAAAAAAAAAAAAAQAAwAACSAAAAAAAAAAAAAAAAAAAAAHR2VuZXJhbAAAEAAIAADJt8OVAAAAEQAIAADMcmecAAAAAQAkAzKP9gJpl3ICApUfADl/vAAPdbEAD2V5AAhnXgAIZ1MAAJg6AAIAc01hY2ludG9zaCBIRDpVc2VyczoAU2Fsdm86AERvY3VtZW50czoAVW5pdmVyc2l0YToAUmljZXJjYToAQUxJQ0U6ADIwMTI6AGRvY3VtZW50czoAR2VuZXJhbDoAUGh5c1JldkxldHQuMzkuMTQzNi5wZGYAAA4AMAAXAFAAaAB5AHMAUgBlAHYATABlAHQAdAAuADMAOQAuADEANAAzADYALgBwAGQAZgAPABoADABNAGEAYwBpAG4AdABvAHMAaAAgAEgARAASAF1Vc2Vycy9zYWx2by9Eb2N1bWVudHMvVW5pdmVyc2l0YS9SaWNlcmNhL0FMSUNFLzIwMTIvZG9jdW1lbnRzL0dlbmVyYWwvUGh5c1JldkxldHQuMzkuMTQzNi5wZGYAABMAAS8AABUAAgAM//8AAIAF0hwdHh9YJGNsYXNzZXNaJGNsYXNzbmFtZaMfICFdTlNNdXRhYmxlRGF0YVZOU0RhdGFYTlNPYmplY3RfEDUuLi8uLi8uLi8uLi9kb2N1bWVudHMvR2VuZXJhbC9QaHlzUmV2TGV0dC4zOS4xNDM2LnBkZtIcHSQloiUhXE5TRGljdGlvbmFyeRIAAYagXxAPTlNLZXllZEFyY2hpdmVyAAgAEQAWAB8AKAAyADUAOgA8AEUASwBSAF0AZABsAG8AcQBzAHUAeAB6AHwAhgCTAJgAoALCAsQCyQLSAt0C4QLvAvYC/wM3AzwDPwNMA1EAAAAAAAACAQAAAAAAAAAoAAAAAAAAAAAAAAAAAAADYw==},
	Bdsk-Url-1 = {http://link.aps.org/doi/10.1103/PhysRevLett.39.1436},
	Bdsk-Url-2 = {http://dx.doi.org/10.1103/PhysRevLett.39.1436}}

@article{spear-jet,
	Author = {G. Hanson and G. S. Abrams and A. M. Boyarski and others},
	Date-Added = {2012-10-30 21:34:18 +0000},
	Date-Modified = {2012-10-30 21:42:28 +0000},
	Journal = {Physical Review Letters},
	Month = {12},
	Number = {24},
	Pages = {1609-1612},
	Title = {Evidence for Jet Structure in Hadron Production by e+e- Annihilation},
	Volume = {35},
	Year = {1975},
	Bdsk-File-1 = {YnBsaXN0MDDUAQIDBAUIJidUJHRvcFgkb2JqZWN0c1gkdmVyc2lvblkkYXJjaGl2ZXLRBgdUcm9vdIABqAkKFRYXGyIjVSRudWxs0wsMDQ4RElpOUy5vYmplY3RzViRjbGFzc1dOUy5rZXlzog8QgASABoAHohMUgAKAA1lhbGlhc0RhdGFccmVsYXRpdmVQYXRo0hgMGRpXTlMuZGF0YU8RAh4AAAAAAh4AAgAADE1hY2ludG9zaCBIRAAAAAAAAAAAAAAAAAAAAMm337VIKwAAAzKP9hdQaHlzUmV2TGV0dC4zNS4xNjA5LnBkZgAAAAAAAAAAAAAAAAAAAAAAAAAAAAAAAAAAAAAAAAAAAAAAAAAAAAADPQFozHKL3QAAAAAAAAAAAAQAAwAACSAAAAAAAAAAAAAAAAAAAAAHR2VuZXJhbAAAEAAIAADJt8OVAAAAEQAIAADMcm+9AAAAAQAkAzKP9gJpl3ICApUfADl/vAAPdbEAD2V5AAhnXgAIZ1MAAJg6AAIAc01hY2ludG9zaCBIRDpVc2VyczoAU2Fsdm86AERvY3VtZW50czoAVW5pdmVyc2l0YToAUmljZXJjYToAQUxJQ0U6ADIwMTI6AGRvY3VtZW50czoAR2VuZXJhbDoAUGh5c1JldkxldHQuMzUuMTYwOS5wZGYAAA4AMAAXAFAAaAB5AHMAUgBlAHYATABlAHQAdAAuADMANQAuADEANgAwADkALgBwAGQAZgAPABoADABNAGEAYwBpAG4AdABvAHMAaAAgAEgARAASAF1Vc2Vycy9zYWx2by9Eb2N1bWVudHMvVW5pdmVyc2l0YS9SaWNlcmNhL0FMSUNFLzIwMTIvZG9jdW1lbnRzL0dlbmVyYWwvUGh5c1JldkxldHQuMzUuMTYwOS5wZGYAABMAAS8AABUAAgAM//8AAIAF0hwdHh9YJGNsYXNzZXNaJGNsYXNzbmFtZaMfICFdTlNNdXRhYmxlRGF0YVZOU0RhdGFYTlNPYmplY3RfEDUuLi8uLi8uLi8uLi9kb2N1bWVudHMvR2VuZXJhbC9QaHlzUmV2TGV0dC4zNS4xNjA5LnBkZtIcHSQloiUhXE5TRGljdGlvbmFyeRIAAYagXxAPTlNLZXllZEFyY2hpdmVyAAgAEQAWAB8AKAAyADUAOgA8AEUASwBSAF0AZABsAG8AcQBzAHUAeAB6AHwAhgCTAJgAoALCAsQCyQLSAt0C4QLvAvYC/wM3AzwDPwNMA1EAAAAAAAACAQAAAAAAAAAoAAAAAAAAAAAAAAAAAAADYw==}}

@article{hijing,
	Author = {Wang, Xin-Nian and Gyulassy, Miklos},
	Date-Added = {2012-09-16 18:06:49 +0000},
	Date-Modified = {2012-09-16 18:06:59 +0000},
	Doi = {10.1103/PhysRevD.44.3501},
	Journal = {Phys.Rev.},
	Pages = {3501-3516},
	Reportnumber = {LBL-31036},
	Slaccitation = {%%CITATION = PHRVA,D44,3501;%%},
	Title = {{HIJING: A Monte Carlo model for multiple jet production in p p, p A and A A collisions}},
	Volume = {D44},
	Year = {1991},
	Bdsk-File-1 = {YnBsaXN0MDDUAQIDBAUIJidUJHRvcFgkb2JqZWN0c1gkdmVyc2lvblkkYXJjaGl2ZXLRBgdUcm9vdIABqAkKFRYXGyIjVSRudWxs0wsMDQ4RElpOUy5vYmplY3RzViRjbGFzc1dOUy5rZXlzog8QgASABoAHohMUgAKAA1lhbGlhc0RhdGFccmVsYXRpdmVQYXRo0hgMGRpXTlMuZGF0YU8RAhAAAAAAAhAAAgAADE1hY2ludG9zaCBIRAAAAAAAAAAAAAAAAAAAAMm337VIKwAAAzKP9hRQaHlzUmV2RC40NC4zNTAxLnBkZgAAAAAAAAAAAAAAAAAAAAAAAAAAAAAAAAAAAAAAAAAAAAAAAAAAAAAAAAADQMB7zHviCAAAAAAAAAAAAAQAAwAACSAAAAAAAAAAAAAAAAAAAAAHR2VuZXJhbAAAEAAIAADJt8OVAAAAEQAIAADMe8XoAAAAAQAkAzKP9gJpl3ICApUfADl/vAAPdbEAD2V5AAhnXgAIZ1MAAJg6AAIAcE1hY2ludG9zaCBIRDpVc2VyczoAU2Fsdm86AERvY3VtZW50czoAVW5pdmVyc2l0YToAUmljZXJjYToAQUxJQ0U6ADIwMTI6AGRvY3VtZW50czoAR2VuZXJhbDoAUGh5c1JldkQuNDQuMzUwMS5wZGYADgAqABQAUABoAHkAcwBSAGUAdgBEAC4ANAA0AC4AMwA1ADAAMQAuAHAAZABmAA8AGgAMAE0AYQBjAGkAbgB0AG8AcwBoACAASABEABIAWlVzZXJzL3NhbHZvL0RvY3VtZW50cy9Vbml2ZXJzaXRhL1JpY2VyY2EvQUxJQ0UvMjAxMi9kb2N1bWVudHMvR2VuZXJhbC9QaHlzUmV2RC40NC4zNTAxLnBkZgATAAEvAAAVAAIADP//AACABdIcHR4fWCRjbGFzc2VzWiRjbGFzc25hbWWjHyAhXU5TTXV0YWJsZURhdGFWTlNEYXRhWE5TT2JqZWN0XxAyLi4vLi4vLi4vLi4vZG9jdW1lbnRzL0dlbmVyYWwvUGh5c1JldkQuNDQuMzUwMS5wZGbSHB0kJaIlIVxOU0RpY3Rpb25hcnkSAAGGoF8QD05TS2V5ZWRBcmNoaXZlcgAIABEAFgAfACgAMgA1ADoAPABFAEsAUgBdAGQAbABvAHEAcwB1AHgAegB8AIYAkwCYAKACtAK2ArsCxALPAtMC4QLoAvEDJgMrAy4DOwNAAAAAAAAAAgEAAAAAAAAAKAAAAAAAAAAAAAAAAAAAA1I=},
	Bdsk-Url-1 = {http://dx.doi.org/10.1103/PhysRevD.44.3501}}

@url{geant3,
	Date-Added = {2012-09-16 18:00:43 +0000},
	Date-Modified = {2012-09-16 18:04:13 +0000},
	Title = {GEANT3 webpage, http://wwwasd.web.cern.ch/wwwasd/geant/}}

@article{pythia6,
	Author = {Sj{\"o}strand, T. and Mrenna, S. and Skands, P.},
	Date-Added = {2012-09-16 17:51:14 +0000},
	Date-Modified = {2012-10-30 21:49:36 +0000},
	Journal = {Journal of High Energy Physics},
	Number = {26},
	Pages = {1-581},
	Publisher = {IOP Publishing},
	Title = {PYTHIA 6.4 physics and manual},
	Volume = {5},
	Year = {2006},
	Bdsk-File-1 = {YnBsaXN0MDDUAQIDBAUIJidUJHRvcFgkb2JqZWN0c1gkdmVyc2lvblkkYXJjaGl2ZXLRBgdUcm9vdIABqAkKFRYXGyIjVSRudWxs0wsMDQ4RElpOUy5vYmplY3RzViRjbGFzc1dOUy5rZXlzog8QgASABoAHohMUgAKAA1lhbGlhc0RhdGFccmVsYXRpdmVQYXRo0hgMGRpXTlMuZGF0YU8RAiYAAAAAAiYAAgAADE1hY2ludG9zaCBIRAAAAAAAAAAAAAAAAAAAAMm337VIKwAAAzKP9hkxMTI2LTY3MDhfMjAwNl8wNV8wMjYucGRmAAAAAAAAAAAAAAAAAAAAAAAAAAAAAAAAAAAAAAAAAAAAAAAAAAADQL3uzHvdzAAAAAAAAAAAAAQAAwAACSAAAAAAAAAAAAAAAAAAAAAHR2VuZXJhbAAAEAAIAADJt8OVAAAAEQAIAADMe8GsAAAAAQAkAzKP9gJpl3ICApUfADl/vAAPdbEAD2V5AAhnXgAIZ1MAAJg6AAIAdU1hY2ludG9zaCBIRDpVc2VyczoAU2Fsdm86AERvY3VtZW50czoAVW5pdmVyc2l0YToAUmljZXJjYToAQUxJQ0U6ADIwMTI6AGRvY3VtZW50czoAR2VuZXJhbDoAMTEyNi02NzA4XzIwMDZfMDVfMDI2LnBkZgAADgA0ABkAMQAxADIANgAtADYANwAwADgAXwAyADAAMAA2AF8AMAA1AF8AMAAyADYALgBwAGQAZgAPABoADABNAGEAYwBpAG4AdABvAHMAaAAgAEgARAASAF9Vc2Vycy9zYWx2by9Eb2N1bWVudHMvVW5pdmVyc2l0YS9SaWNlcmNhL0FMSUNFLzIwMTIvZG9jdW1lbnRzL0dlbmVyYWwvMTEyNi02NzA4XzIwMDZfMDVfMDI2LnBkZgAAEwABLwAAFQACAAz//wAAgAXSHB0eH1gkY2xhc3Nlc1okY2xhc3NuYW1lox8gIV1OU011dGFibGVEYXRhVk5TRGF0YVhOU09iamVjdF8QNy4uLy4uLy4uLy4uL2RvY3VtZW50cy9HZW5lcmFsLzExMjYtNjcwOF8yMDA2XzA1XzAyNi5wZGbSHB0kJaIlIVxOU0RpY3Rpb25hcnkSAAGGoF8QD05TS2V5ZWRBcmNoaXZlcgAIABEAFgAfACgAMgA1ADoAPABFAEsAUgBdAGQAbABvAHEAcwB1AHgAegB8AIYAkwCYAKACygLMAtEC2gLlAukC9wL+AwcDQQNGA0kDVgNbAAAAAAAAAgEAAAAAAAAAKAAAAAAAAAAAAAAAAAAAA20=}}

@article{cdf-prd07,
	Author = {Abulencia, A. and Adelman, J. and Affolder, T. and Akimoto, T. and Albrow, MG and Ambrose, D. and Amerio, S. and Amidei, D. and Anastassov, A. and Anikeev, K. and others},
	Date-Added = {2012-08-25 20:09:20 +0000},
	Date-Modified = {2012-08-25 20:09:20 +0000},
	Journal = {Physical Review D},
	Number = {9},
	Pages = {092006},
	Publisher = {APS},
	Title = {Measurement of the inclusive jet cross section using the k\_ $\{$T$\}$ algorithm in pp [over{\={}}] collisions at sqrt [s]= 1.96 TeV with the CDF II detector},
	Volume = {75},
	Year = {2007},
	Bdsk-File-1 = {YnBsaXN0MDDUAQIDBAUIJidUJHRvcFgkb2JqZWN0c1gkdmVyc2lvblkkYXJjaGl2ZXLRBgdUcm9vdIABqAkKFRYXGyIjVSRudWxs0wsMDQ4RElpOUy5vYmplY3RzViRjbGFzc1dOUy5rZXlzog8QgASABoAHohMUgAKAA1lhbGlhc0RhdGFccmVsYXRpdmVQYXRo0hgMGRpXTlMuZGF0YU8RAe4AAAAAAe4AAgAADE1hY2ludG9zaCBIRAAAAAAAAAAAAAAAAAAAAMm337VIKwAAAzKP9gswNzAxMDUxLnBkZgAAAAAAAAAAAAAAAAAAAAAAAAAAAAAAAAAAAAAAAAAAAAAAAAAAAAAAAAAAAAAAAAAAAAADMqS2zF79aAAAAAAAAAAAAAQAAwAACSAAAAAAAAAAAAAAAAAAAAAHR2VuZXJhbAAAEAAIAADJt8OVAAAAEQAIAADMXuFIAAAAAQAkAzKP9gJpl3ICApUfADl/vAAPdbEAD2V5AAhnXgAIZ1MAAJg6AAIAZ01hY2ludG9zaCBIRDpVc2VyczoAU2Fsdm86AERvY3VtZW50czoAVW5pdmVyc2l0YToAUmljZXJjYToAQUxJQ0U6ADIwMTI6AGRvY3VtZW50czoAR2VuZXJhbDoAMDcwMTA1MS5wZGYAAA4AGAALADAANwAwADEAMAA1ADEALgBwAGQAZgAPABoADABNAGEAYwBpAG4AdABvAHMAaAAgAEgARAASAFFVc2Vycy9zYWx2by9Eb2N1bWVudHMvVW5pdmVyc2l0YS9SaWNlcmNhL0FMSUNFLzIwMTIvZG9jdW1lbnRzL0dlbmVyYWwvMDcwMTA1MS5wZGYAABMAAS8AABUAAgAM//8AAIAF0hwdHh9YJGNsYXNzZXNaJGNsYXNzbmFtZaMfICFdTlNNdXRhYmxlRGF0YVZOU0RhdGFYTlNPYmplY3RfECkuLi8uLi8uLi8uLi9kb2N1bWVudHMvR2VuZXJhbC8wNzAxMDUxLnBkZtIcHSQloiUhXE5TRGljdGlvbmFyeRIAAYagXxAPTlNLZXllZEFyY2hpdmVyAAgAEQAWAB8AKAAyADUAOgA8AEUASwBSAF0AZABsAG8AcQBzAHUAeAB6AHwAhgCTAJgAoAKSApQCmQKiAq0CsQK/AsYCzwL7AwADAwMQAxUAAAAAAAACAQAAAAAAAAAoAAAAAAAAAAAAAAAAAAADJw==}}

@article{bkg-alice-12,
	Author = {Abelev, B. and others},
	Collaboration = {ALICE Collaboration},
	Date-Added = {2012-08-25 19:42:17 +0000},
	Date-Modified = {2012-11-14 16:18:21 +0000},
	Journal = {JHEP},
	Number = {053},
	Pages = {053},
	Title = {Measurement of Event Background Fluctuations for Charged Particle Jet Reconstruction in Pb-Pb collisions at $$\backslash$ sqrt $\{$s\_ $\{$NN$\}$$\}$= 2.76$ TeV},
	Volume = {1203},
	Year = {2012},
	Bdsk-File-1 = {YnBsaXN0MDDUAQIDBAUIJidUJHRvcFgkb2JqZWN0c1gkdmVyc2lvblkkYXJjaGl2ZXLRBgdUcm9vdIABqAkKFRYXGyIjVSRudWxs0wsMDQ4RElpOUy5vYmplY3RzViRjbGFzc1dOUy5rZXlzog8QgASABoAHohMUgAKAA1lhbGlhc0RhdGFccmVsYXRpdmVQYXRo0hgMGRpXTlMuZGF0YU8RAgQAAAAAAgQAAgAADE1hY2ludG9zaCBIRAAAAAAAAAAAAAAAAAAAAMm337VIKwAAAzKP+A8xMjAxLjI0MjN2MS5wZGYAAAAAAAAAAAAAAAAAAAAAAAAAAAAAAAAAAAAAAAAAAAAAAAAAAAAAAAAAAAAAAAACZBjJy9ao6gAAAAAAAAAAAAQAAwAACSAAAAAAAAAAAAAAAAAAAAAKQmFja2dyb3VuZAAQAAgAAMm3w5UAAAARAAgAAMvWjMoAAAABACQDMo/4AmmXcgIClR8AOX+8AA91sQAPZXkACGdeAAhnUwAAmDoAAgBuTWFjaW50b3NoIEhEOlVzZXJzOgBTYWx2bzoARG9jdW1lbnRzOgBVbml2ZXJzaXRhOgBSaWNlcmNhOgBBTElDRToAMjAxMjoAZG9jdW1lbnRzOgBCYWNrZ3JvdW5kOgAxMjAxLjI0MjN2MS5wZGYADgAgAA8AMQAyADAAMQAuADIANAAyADMAdgAxAC4AcABkAGYADwAaAAwATQBhAGMAaQBuAHQAbwBzAGgAIABIAEQAEgBYVXNlcnMvc2Fsdm8vRG9jdW1lbnRzL1VuaXZlcnNpdGEvUmljZXJjYS9BTElDRS8yMDEyL2RvY3VtZW50cy9CYWNrZ3JvdW5kLzEyMDEuMjQyM3YxLnBkZgATAAEvAAAVAAIADP//AACABdIcHR4fWCRjbGFzc2VzWiRjbGFzc25hbWWjHyAhXU5TTXV0YWJsZURhdGFWTlNEYXRhWE5TT2JqZWN0XxAwLi4vLi4vLi4vLi4vZG9jdW1lbnRzL0JhY2tncm91bmQvMTIwMS4yNDIzdjEucGRm0hwdJCWiJSFcTlNEaWN0aW9uYXJ5EgABhqBfEA9OU0tleWVkQXJjaGl2ZXIACAARABYAHwAoADIANQA6ADwARQBLAFIAXQBkAGwAbwBxAHMAdQB4AHoAfACGAJMAmACgAqgCqgKvArgCwwLHAtUC3ALlAxgDHQMgAy0DMgAAAAAAAAIBAAAAAAAAACgAAAAAAAAAAAAAAAAAAANE}}

@article{alice-arxiv11,
	Author = {Abelev, B. and others},
	Collaboration = {ALICE Collaboration},
	Date-Added = {2012-08-25 19:38:33 +0000},
	Date-Modified = {2012-11-14 10:34:58 +0000},
	Journal = {Arxiv preprint arXiv:1112.2082},
	Title = {Underlying Event measurements in pp collisions at sqrt (s)= 0.9 and 7 TeV with the ALICE experiment at the LHC},
	Year = {2011},
	Bdsk-File-1 = {YnBsaXN0MDDUAQIDBAUIJidUJHRvcFgkb2JqZWN0c1gkdmVyc2lvblkkYXJjaGl2ZXLRBgdUcm9vdIABqAkKFRYXGyIjVSRudWxs0wsMDQ4RElpOUy5vYmplY3RzViRjbGFzc1dOUy5rZXlzog8QgASABoAHohMUgAKAA1lhbGlhc0RhdGFccmVsYXRpdmVQYXRo0hgMGRpXTlMuZGF0YU8RAgQAAAAAAgQAAgAADE1hY2ludG9zaCBIRAAAAAAAAAAAAAAAAAAAAMm337VIKwAAAzKP+A8xMTEyLjIwODJ2My5wZGYAAAAAAAAAAAAAAAAAAAAAAAAAAAAAAAAAAAAAAAAAAAAAAAAAAAAAAAAAAAAAAAADMpZ3zF7d7AAAAAAAAAAAAAQAAwAACSAAAAAAAAAAAAAAAAAAAAAKQmFja2dyb3VuZAAQAAgAAMm3w5UAAAARAAgAAMxewcwAAAABACQDMo/4AmmXcgIClR8AOX+8AA91sQAPZXkACGdeAAhnUwAAmDoAAgBuTWFjaW50b3NoIEhEOlVzZXJzOgBTYWx2bzoARG9jdW1lbnRzOgBVbml2ZXJzaXRhOgBSaWNlcmNhOgBBTElDRToAMjAxMjoAZG9jdW1lbnRzOgBCYWNrZ3JvdW5kOgAxMTEyLjIwODJ2My5wZGYADgAgAA8AMQAxADEAMgAuADIAMAA4ADIAdgAzAC4AcABkAGYADwAaAAwATQBhAGMAaQBuAHQAbwBzAGgAIABIAEQAEgBYVXNlcnMvc2Fsdm8vRG9jdW1lbnRzL1VuaXZlcnNpdGEvUmljZXJjYS9BTElDRS8yMDEyL2RvY3VtZW50cy9CYWNrZ3JvdW5kLzExMTIuMjA4MnYzLnBkZgATAAEvAAAVAAIADP//AACABdIcHR4fWCRjbGFzc2VzWiRjbGFzc25hbWWjHyAhXU5TTXV0YWJsZURhdGFWTlNEYXRhWE5TT2JqZWN0XxAwLi4vLi4vLi4vLi4vZG9jdW1lbnRzL0JhY2tncm91bmQvMTExMi4yMDgydjMucGRm0hwdJCWiJSFcTlNEaWN0aW9uYXJ5EgABhqBfEA9OU0tleWVkQXJjaGl2ZXIACAARABYAHwAoADIANQA6ADwARQBLAFIAXQBkAGwAbwBxAHMAdQB4AHoAfACGAJMAmACgAqgCqgKvArgCwwLHAtUC3ALlAxgDHQMgAy0DMgAAAAAAAAIBAAAAAAAAACgAAAAAAAAAAAAAAAAAAANE}}

@article{cacciari-arxiv09,
	Author = {Cacciari, M.},
	Date-Added = {2012-08-25 19:34:47 +0000},
	Date-Modified = {2012-08-25 19:34:47 +0000},
	Journal = {Arxiv preprint arXiv:0906.1598},
	Title = {Recent Progress in Jet Algorithms and Their Impact in Underlying Event Studies},
	Year = {2009}}

@article{jet-cacciari-11,
	Author = {Cacciari, M. and Rojo, J. and Salam, G.P. and Soyez, G.},
	Date-Added = {2012-08-25 19:32:04 +0000},
	Date-Modified = {2012-11-14 16:34:45 +0000},
	Journal = {The European Physical Journal C},
	Number = {1},
	Pages = {1--21},
	Publisher = {Springer},
	Section = {C},
	Title = {Jet reconstruction in heavy ion collisions},
	Volume = {71},
	Year = {2011},
	Bdsk-File-1 = {YnBsaXN0MDDUAQIDBAUIJidUJHRvcFgkb2JqZWN0c1gkdmVyc2lvblkkYXJjaGl2ZXLRBgdUcm9vdIABqAkKFRYXGyIjVSRudWxs0wsMDQ4RElpOUy5vYmplY3RzViRjbGFzc1dOUy5rZXlzog8QgASABoAHohMUgAKAA1lhbGlhc0RhdGFccmVsYXRpdmVQYXRo0hgMGRpXTlMuZGF0YU8RAgQAAAAAAgQAAgAADE1hY2ludG9zaCBIRAAAAAAAAAAAAAAAAAAAAMm337VIKwAAAzKP+A8xMDEwLjE3NTl2MS5wZGYAAAAAAAAAAAAAAAAAAAAAAAAAAAAAAAAAAAAAAAAAAAAAAAAAAAAAAAAAAAAAAAADMf3/zF1qBwAAAAAAAAAAAAQAAwAACSAAAAAAAAAAAAAAAAAAAAAKQmFja2dyb3VuZAAQAAgAAMm3w5UAAAARAAgAAMxdTecAAAABACQDMo/4AmmXcgIClR8AOX+8AA91sQAPZXkACGdeAAhnUwAAmDoAAgBuTWFjaW50b3NoIEhEOlVzZXJzOgBTYWx2bzoARG9jdW1lbnRzOgBVbml2ZXJzaXRhOgBSaWNlcmNhOgBBTElDRToAMjAxMjoAZG9jdW1lbnRzOgBCYWNrZ3JvdW5kOgAxMDEwLjE3NTl2MS5wZGYADgAgAA8AMQAwADEAMAAuADEANwA1ADkAdgAxAC4AcABkAGYADwAaAAwATQBhAGMAaQBuAHQAbwBzAGgAIABIAEQAEgBYVXNlcnMvc2Fsdm8vRG9jdW1lbnRzL1VuaXZlcnNpdGEvUmljZXJjYS9BTElDRS8yMDEyL2RvY3VtZW50cy9CYWNrZ3JvdW5kLzEwMTAuMTc1OXYxLnBkZgATAAEvAAAVAAIADP//AACABdIcHR4fWCRjbGFzc2VzWiRjbGFzc25hbWWjHyAhXU5TTXV0YWJsZURhdGFWTlNEYXRhWE5TT2JqZWN0XxAwLi4vLi4vLi4vLi4vZG9jdW1lbnRzL0JhY2tncm91bmQvMTAxMC4xNzU5djEucGRm0hwdJCWiJSFcTlNEaWN0aW9uYXJ5EgABhqBfEA9OU0tleWVkQXJjaGl2ZXIACAARABYAHwAoADIANQA6ADwARQBLAFIAXQBkAGwAbwBxAHMAdQB4AHoAfACGAJMAmACgAqgCqgKvArgCwwLHAtUC3ALlAxgDHQMgAy0DMgAAAAAAAAIBAAAAAAAAACgAAAAAAAAAAAAAAAAAAANE}}

@article{kt-cacciari-06,
	Author = {Cacciari, M. and Salam, G.P.},
	Date-Added = {2012-08-25 19:30:57 +0000},
	Date-Modified = {2012-11-14 10:52:03 +0000},
	Journal = {Physics Letters B},
	Number = {1},
	Pages = {57--61},
	Publisher = {Elsevier},
	Title = {Dispelling the N3 myth for the kt jet-finder},
	Volume = {641},
	Year = {2006},
	Bdsk-File-1 = {YnBsaXN0MDDUAQIDBAUIJidUJHRvcFgkb2JqZWN0c1gkdmVyc2lvblkkYXJjaGl2ZXLRBgdUcm9vdIABqAkKFRYXGyIjVSRudWxs0wsMDQ4RElpOUy5vYmplY3RzViRjbGFzc1dOUy5rZXlzog8QgASABoAHohMUgAKAA1lhbGlhc0RhdGFccmVsYXRpdmVQYXRo0hgMGRpXTlMuZGF0YU8RAgIAAAAAAgIAAgAADE1hY2ludG9zaCBIRAAAAAAAAAAAAAAAAAAAAMm337VIKwAAAzKQAA0wNTEyMjEwdjIucGRmAAAAAAAAAAAAAAAAAAAAAAAAAAAAAAAAAAAAAAAAAAAAAAAAAAAAAAAAAAAAAAAAAAADMgMvzF1rcwAAAAAAAAAAAAQAAwAACSAAAAAAAAAAAAAAAAAAAAALSmV0IGZpbmRpbmcAABAACAAAybfDlQAAABEACAAAzF1PUwAAAAEAJAMykAACaZdyAgKVHwA5f7wAD3WxAA9leQAIZ14ACGdTAACYOgACAG1NYWNpbnRvc2ggSEQ6VXNlcnM6AFNhbHZvOgBEb2N1bWVudHM6AFVuaXZlcnNpdGE6AFJpY2VyY2E6AEFMSUNFOgAyMDEyOgBkb2N1bWVudHM6AEpldCBmaW5kaW5nOgAwNTEyMjEwdjIucGRmAAAOABwADQAwADUAMQAyADIAMQAwAHYAMgAuAHAAZABmAA8AGgAMAE0AYQBjAGkAbgB0AG8AcwBoACAASABEABIAV1VzZXJzL3NhbHZvL0RvY3VtZW50cy9Vbml2ZXJzaXRhL1JpY2VyY2EvQUxJQ0UvMjAxMi9kb2N1bWVudHMvSmV0IGZpbmRpbmcvMDUxMjIxMHYyLnBkZgAAEwABLwAAFQACAAz//wAAgAXSHB0eH1gkY2xhc3Nlc1okY2xhc3NuYW1lox8gIV1OU011dGFibGVEYXRhVk5TRGF0YVhOU09iamVjdF8QLy4uLy4uLy4uLy4uL2RvY3VtZW50cy9KZXQgZmluZGluZy8wNTEyMjEwdjIucGRm0hwdJCWiJSFcTlNEaWN0aW9uYXJ5EgABhqBfEA9OU0tleWVkQXJjaGl2ZXIACAARABYAHwAoADIANQA6ADwARQBLAFIAXQBkAGwAbwBxAHMAdQB4AHoAfACGAJMAmACgAqYCqAKtArYCwQLFAtMC2gLjAxUDGgMdAyoDLwAAAAAAAAIBAAAAAAAAACgAAAAAAAAAAAAAAAAAAANB}}

@article{antikt-cacciari-08,
	Author = {Cacciari, M. and Salam, G.P. and Soyez, G.},
	Date-Added = {2012-08-25 19:30:26 +0000},
	Date-Modified = {2012-11-14 16:20:30 +0000},
	Journal = {JHEP},
	Number = {063},
	Pages = {063},
	Publisher = {IOP Publishing},
	Title = {The anti-kt jet clustering algorithm},
	Volume = {04},
	Year = {2008},
	Bdsk-File-1 = {YnBsaXN0MDDUAQIDBAUIJidUJHRvcFgkb2JqZWN0c1gkdmVyc2lvblkkYXJjaGl2ZXLRBgdUcm9vdIABqAkKFRYXGyIjVSRudWxs0wsMDQ4RElpOUy5vYmplY3RzViRjbGFzc1dOUy5rZXlzog8QgASABoAHohMUgAKAA1lhbGlhc0RhdGFccmVsYXRpdmVQYXRo0hgMGRpXTlMuZGF0YU8RAgoAAAAAAgoAAgAADE1hY2ludG9zaCBIRAAAAAAAAAAAAAAAAAAAAMm337VIKwAAAzKQAA8wODAyLjExODl2Mi5wZGYAAAAAAAAAAAAAAAAAAAAAAAAAAAAAAAAAAAAAAAAAAAAAAAAAAAAAAAAAAAAAAAADMgNdzF1rvQAAAAAAAAAAAAQAAwAACSAAAAAAAAAAAAAAAAAAAAALSmV0IGZpbmRpbmcAABAACAAAybfDlQAAABEACAAAzF1PnQAAAAEAJAMykAACaZdyAgKVHwA5f7wAD3WxAA9leQAIZ14ACGdTAACYOgACAG9NYWNpbnRvc2ggSEQ6VXNlcnM6AFNhbHZvOgBEb2N1bWVudHM6AFVuaXZlcnNpdGE6AFJpY2VyY2E6AEFMSUNFOgAyMDEyOgBkb2N1bWVudHM6AEpldCBmaW5kaW5nOgAwODAyLjExODl2Mi5wZGYAAA4AIAAPADAAOAAwADIALgAxADEAOAA5AHYAMgAuAHAAZABmAA8AGgAMAE0AYQBjAGkAbgB0AG8AcwBoACAASABEABIAWVVzZXJzL3NhbHZvL0RvY3VtZW50cy9Vbml2ZXJzaXRhL1JpY2VyY2EvQUxJQ0UvMjAxMi9kb2N1bWVudHMvSmV0IGZpbmRpbmcvMDgwMi4xMTg5djIucGRmAAATAAEvAAAVAAIADP//AACABdIcHR4fWCRjbGFzc2VzWiRjbGFzc25hbWWjHyAhXU5TTXV0YWJsZURhdGFWTlNEYXRhWE5TT2JqZWN0XxAxLi4vLi4vLi4vLi4vZG9jdW1lbnRzL0pldCBmaW5kaW5nLzA4MDIuMTE4OXYyLnBkZtIcHSQloiUhXE5TRGljdGlvbmFyeRIAAYagXxAPTlNLZXllZEFyY2hpdmVyAAgAEQAWAB8AKAAyADUAOgA8AEUASwBSAF0AZABsAG8AcQBzAHUAeAB6AHwAhgCTAJgAoAKuArACtQK+AskCzQLbAuIC6wMfAyQDJwM0AzkAAAAAAAACAQAAAAAAAAAoAAAAAAAAAAAAAAAAAAADSw==}}

@article{bkg-cacciari-08,
	Author = {Cacciari, M. and Salam, G.P.},
	Date-Added = {2012-08-25 19:29:30 +0000},
	Date-Modified = {2012-11-14 11:02:05 +0000},
	Journal = {Physics Letters B},
	Number = {1-2},
	Pages = {119--126},
	Publisher = {Elsevier},
	Section = {B},
	Title = {Pileup subtraction using jet areas},
	Volume = {659},
	Year = {2008},
	Bdsk-File-1 = {YnBsaXN0MDDUAQIDBAUIJidUJHRvcFgkb2JqZWN0c1gkdmVyc2lvblkkYXJjaGl2ZXLRBgdUcm9vdIABqAkKFRYXGyIjVSRudWxs0wsMDQ4RElpOUy5vYmplY3RzViRjbGFzc1dOUy5rZXlzog8QgASABoAHohMUgAKAA1lhbGlhc0RhdGFccmVsYXRpdmVQYXRo0hgMGRpXTlMuZGF0YU8RAgQAAAAAAgQAAgAADE1hY2ludG9zaCBIRAAAAAAAAAAAAAAAAAAAAMm337VIKwAAAzKP+A8wNzA3LjEzNzh2Mi5wZGYAAAAAAAAAAAAAAAAAAAAAAAAAAAAAAAAAAAAAAAAAAAAAAAAAAAAAAAAAAAAAAAACbCdXy98vvwAAAAAAAAAAAAQAAwAACSAAAAAAAAAAAAAAAAAAAAAKQmFja2dyb3VuZAAQAAgAAMm3w5UAAAARAAgAAMvfE58AAAABACQDMo/4AmmXcgIClR8AOX+8AA91sQAPZXkACGdeAAhnUwAAmDoAAgBuTWFjaW50b3NoIEhEOlVzZXJzOgBTYWx2bzoARG9jdW1lbnRzOgBVbml2ZXJzaXRhOgBSaWNlcmNhOgBBTElDRToAMjAxMjoAZG9jdW1lbnRzOgBCYWNrZ3JvdW5kOgAwNzA3LjEzNzh2Mi5wZGYADgAgAA8AMAA3ADAANwAuADEAMwA3ADgAdgAyAC4AcABkAGYADwAaAAwATQBhAGMAaQBuAHQAbwBzAGgAIABIAEQAEgBYVXNlcnMvc2Fsdm8vRG9jdW1lbnRzL1VuaXZlcnNpdGEvUmljZXJjYS9BTElDRS8yMDEyL2RvY3VtZW50cy9CYWNrZ3JvdW5kLzA3MDcuMTM3OHYyLnBkZgATAAEvAAAVAAIADP//AACABdIcHR4fWCRjbGFzc2VzWiRjbGFzc25hbWWjHyAhXU5TTXV0YWJsZURhdGFWTlNEYXRhWE5TT2JqZWN0XxAwLi4vLi4vLi4vLi4vZG9jdW1lbnRzL0JhY2tncm91bmQvMDcwNy4xMzc4djIucGRm0hwdJCWiJSFcTlNEaWN0aW9uYXJ5EgABhqBfEA9OU0tleWVkQXJjaGl2ZXIACAARABYAHwAoADIANQA6ADwARQBLAFIAXQBkAGwAbwBxAHMAdQB4AHoAfACGAJMAmACgAqgCqgKvArgCwwLHAtUC3ALlAxgDHQMgAy0DMgAAAAAAAAIBAAAAAAAAACgAAAAAAAAAAAAAAAAAAANE}}

@article{ue-cacciari-10,
	Author = {Cacciari, M. and Salam, G.P. and Sapeta, S.},
	Date-Added = {2012-08-25 19:28:36 +0000},
	Date-Modified = {2012-11-14 16:34:23 +0000},
	Journal = {JHEP},
	Number = {04},
	Pages = {04},
	Publisher = {Springer},
	Title = {On the characterisation of the underlying event},
	Volume = {065},
	Year = {2010},
	Bdsk-File-1 = {YnBsaXN0MDDUAQIDBAUIJidUJHRvcFgkb2JqZWN0c1gkdmVyc2lvblkkYXJjaGl2ZXLRBgdUcm9vdIABqAkKFRYXGyIjVSRudWxs0wsMDQ4RElpOUy5vYmplY3RzViRjbGFzc1dOUy5rZXlzog8QgASABoAHohMUgAKAA1lhbGlhc0RhdGFccmVsYXRpdmVQYXRo0hgMGRpXTlMuZGF0YU8RAgQAAAAAAgQAAgAADE1hY2ludG9zaCBIRAAAAAAAAAAAAAAAAAAAAMm337VIKwAAAzKP+A8wOTEyLjQ5MjZ2Mi5wZGYAAAAAAAAAAAAAAAAAAAAAAAAAAAAAAAAAAAAAAAAAAAAAAAAAAAAAAAAAAAAAAAADMpCozF7FogAAAAAAAAAAAAQAAwAACSAAAAAAAAAAAAAAAAAAAAAKQmFja2dyb3VuZAAQAAgAAMm3w5UAAAARAAgAAMxeqYIAAAABACQDMo/4AmmXcgIClR8AOX+8AA91sQAPZXkACGdeAAhnUwAAmDoAAgBuTWFjaW50b3NoIEhEOlVzZXJzOgBTYWx2bzoARG9jdW1lbnRzOgBVbml2ZXJzaXRhOgBSaWNlcmNhOgBBTElDRToAMjAxMjoAZG9jdW1lbnRzOgBCYWNrZ3JvdW5kOgAwOTEyLjQ5MjZ2Mi5wZGYADgAgAA8AMAA5ADEAMgAuADQAOQAyADYAdgAyAC4AcABkAGYADwAaAAwATQBhAGMAaQBuAHQAbwBzAGgAIABIAEQAEgBYVXNlcnMvc2Fsdm8vRG9jdW1lbnRzL1VuaXZlcnNpdGEvUmljZXJjYS9BTElDRS8yMDEyL2RvY3VtZW50cy9CYWNrZ3JvdW5kLzA5MTIuNDkyNnYyLnBkZgATAAEvAAAVAAIADP//AACABdIcHR4fWCRjbGFzc2VzWiRjbGFzc25hbWWjHyAhXU5TTXV0YWJsZURhdGFWTlNEYXRhWE5TT2JqZWN0XxAwLi4vLi4vLi4vLi4vZG9jdW1lbnRzL0JhY2tncm91bmQvMDkxMi40OTI2djIucGRm0hwdJCWiJSFcTlNEaWN0aW9uYXJ5EgABhqBfEA9OU0tleWVkQXJjaGl2ZXIACAARABYAHwAoADIANQA6ADwARQBLAFIAXQBkAGwAbwBxAHMAdQB4AHoAfACGAJMAmACgAqgCqgKvArgCwwLHAtUC3ALlAxgDHQMgAy0DMgAAAAAAAAIBAAAAAAAAACgAAAAAAAAAAAAAAAAAAANE}}
